3272 5040
782 284 1000 350 ..28-

359 462 454 547 irgm.
477 462 564 546 53,2
588 464 781 528 δινάεντα
870 463 1072 547 Ἄναυρον
1094 464 1206 546 ὕπερ.
1251 459 1325 528 Hoc
1349 462 1543 548 epithetum

251 561 357 628 etiam
379 558 470 648 apud
493 561 603 646 epicos
625 559 821 626 fluminibus
845 559 967 626 sivein
983 560 1177 626 universum
1193 559 1264 626 sive
1280 561 1383 626 certis
1399 559 1543 645 quibus-

251 659 331 725 dam
355 660 407 724 est
428 657 605 744 proprium.
643 656 712 724 Nec
734 678 813 724 vero
837 677 982 743 usquam
998 655 1097 723 sicuti
1112 657 1202 743 apud
1217 655 1426 724 Simonidem
1442 677 1544 742 prae-

252 755 387 843 ponitur
416 754 632 822 substantivo
664 775 734 838 suo,
765 755 966 842 praepositio
998 757 1113 821 autem
1143 754 1202 820 ubi
1232 757 1356 837 exstat,
1389 754 1543 820 mediam

250 855 348 919 tenet
377 854 507 939 partem
538 855 677 939 excepto
706 872 773 918 uno
797 851 869 918 loco
892 851 988 920 Hom.
1016 855 1046 917 Φ
1068 852 1143 921 206.
1189 853 1344 920 Ceterum
1368 874 1388 918 e
1411 873 1544 936 magna

250 950 348 1037 copia
371 950 493 1017 aliene
517 951 601 1016 satis
618 949 726 1017 habeo
750 951 835 1017 haec
858 950 1024 1035 exempla:
1047 949 1143 1017 Hom.
1159 952 1191 1015 B
1205 950 1271 1018 877
1290 951 1324 1015 Ε
1335 949 1404 1017 479
1425 950 1458 1017 Θ
1471 949 1543 1017 490

250 1047 329 1114 Hee.
346 1049 467 1132 Theog.
484 1048 550 1114 337
573 1047 736 1136 Panyass
752 1047 791 1114 fr.
810 1048 860 1130 18,
874 1047 894 1113 3
919 1047 1107 1115 1111111116οά
1123 1047 1161 1114 11.
1178 1048 1230 1115 57.
1264 1047 1448 1114 Praeterea
1472 1047 1542 1114 duo

251 1145 406 1233 exempla
427 1147 648 1213 inveniuntur
670 1145 761 1232 apud
782 1144 1018 1233 Bacchylidem
1040 1145 1110 1229 XII,
1124 1147 1186 1214 77.
1202 1145 1273 1212 164.
1615 1195 1616 1230 ,

357 1243 556 1328 irgm.57‚2
579 1246 751 1316 ἀενάοις
773 1251 1035 1329 ποταμοῖσιν.
1069 1244 1215 1310 Primum
1238 1242 1359 1326 legitur
1381 1265 1436 1331 ap.
1458 1243 1542 1312 Hes,

250 1340 332 1428 Opp.
348 1342 414 1410 737
437 1343 574 1407 αἰενάων
596 1348 763 1426 ποταμῶνς
794 1341 932 1408 recurrit
962 1340 1052 1428 apud
1076 1341 1186 1428 epicos
1209 1340 1315 1408 multo
1339 1342 1541 1409 recentioris

249 1438 383 1507 aetatis.
883 1434 887 1442 ’

356 1535 433 1604 ibid.
465 1539 616 1604 ἄνθεσί
643 1540 670 1602 τ’
695 1540 955 1623 εἰαρινοῖσιν.
1002 1536 1297 1603 611.Ηο111.Β89
1328 1540 1377 1603 ἐπ’
1404 1540 1543 1604 ἄνθεσιν

248 1637 428 1720 εἰαρινοῖσιν
451 1637 487 1700 et
509 1634 604 1722 prr.
626 1633 721 1718 frgm.
746 1635 766 1699 3
790 1637 824 1700 ἔν
847 1637 975 1701 ἄνθεσιν
998 1639 1183 1720 εἰαρινοῖσιν.

355 1731 450 1815 frgm.
464 1731 507 1801 79
531 1735 694 1817 ἥδυμον
716 1735 854 1799 ὕπνον.
889 1732 998 1798 Huius
1021 1732 1199 1798 locutionis
1221 1733 1376 1819 exempla
1399 1733 1542 1817 collegit

249 1832 288 1898 L.
315 1829 437 1918 Meyer,
472 1831 655 1900 Ηυιυδδιιοίι
685 1833 741 1898 δον
770 1831 985 1918 griechischen
1016 1832 1223 1919 Εἰμυιοδιμίε,
1253 1833 1398 1918 Leipzip.
1430 1832 1541 1898 voli
1615 1889 1616 1920 ,

248 1926 290 2014 (a
317 1927 413 2011 1901)
437 1950 467 2015 p.
484 1927 550 1994 616
563 1949 610 2015 sq.
633 1950 659 1996 s.
683 1949 714 1994 v,
736 1930 861 2013 ἥδυμος
884 1931 920 1995 et
942 1927 1051 1995 volss
1073 1928 1115 2014 (a.
1143 1927 1238 2016 1902)
1261 1949 1292 2015 p.
1308 1928 1373 1994 256
1386 1950 1435 2016 sq.
1459 1951 1488 1996 s,
1507 1952 1539 1996 v.
1615 1925 1616 1938 ¹

248 2028 400 2112 νήδυμος.
438 2027 598 2112 Νῆδυμος
614 2029 737 2110 autem,
763 2028 858 2093 cuius
873 2025 915 2094 de
932 2027 1023 2094 vocis
1047 2026 1149 2113 stirpe
1166 2029 1269 2113 atque
1286 2026 1539 2110 significatione

247 2124 317 2189 iam
348 2123 536 2211 antiquitus
567 2123 832 2211 diceptabant⁷)‚
864 2123 1009 2191 Homero
1041 2145 1115 2190 esse
1145 2123 1374 2206 tribuendum,
1406 2127 1539 2210 ἥδυμος

248 2220 411 2288 Simonidi
433 2220 669 2308 nonnullisque
694 2221 777 2305 aliis,
801 2221 858 2308 qui
880 2221 974 2287 illum
997 2222 1066 2288 sint
1087 2221 1212 2288 imitati
1232 2242 1294 2288 nec
1309 2225 1427 2289 tamen
1441 2227 1537 2290 recte

248 2319 467 2406 interpretati,
497 2319 597 2385 evicit
619 2319 854 2402 Brugmannus
877 2319 913 2384 in
939 2321 1053 2406 Ιυδομ
1077 2321 1309 2407 Γοννιίιυνιμοιι
1331 2321 1396 2388 vol
1419 2319 1467 2387 Xl
1492 2325 1505 2403 (
1529 2373 1536 2388 .

252 2417 348 2504 1900)
372 2438 403 2504 p.
420 2417 485 2485 278
498 2438 545 2503 sq.
590 2415 792 2482 Habendum
822 2417 923 2499 igitur
953 2415 1086 2483 videtur
1116 2418 1179 2484 hoc
1209 2419 1334 2502 ἥδυμος
1363 2438 1422 2504 pro
1455 2422 1536 2507 ety-

249 2514 412 2598 mologiae
435 2513 627 2581 testimonio
652 2515 791 2601 antiquo
815 2535 917 2602 quam
939 2535 1001 2580 nos
1025 2513 1164 2581 dicimus
1187 2514 1368 2598 vulgarem.
1392 2517 1464 2604 -⁸)

355 2683 547 2771 Reliquae
581 2683 807 2750 locutiones
843 2683 978 2770 opicae
1013 2683 1103 2770 apud
1134 2681 1338 2750 Simonidem
1373 2688 1534 2752 servatae

137 2819 140 2824 ·
247 2783 330 2848 sunt
352 2783 429 2848 hae:

354 2879 542 2965 irgm.5,16
565 2888 705 2966 μοῖραν
727 2883 867 2952 αἰῶνος
889 2899 947 2966 pro
971 2878 1111 2966 simplici
1125 2879 1261 2966 ponitur
1275 2880 1367 2946 vitae
1383 2881 1534 2965 notione,

245 2977 281 3044 id
304 2978 393 3066 quod
416 2977 499 3064 epici
522 2977 590 3044 stili
612 2977 835 3044 imitationem
858 2977 957 3064 sapit,
982 2975 1038 3043 cfr.
1061 2999 1091 3063 p.
1107 2977 1151 3045 47
1164 2999 1211 3064 sq.

353 3077 445 3160 irgm.
462 3077 546 3155 5,17
569 3077 797 3160 εύροέδεος
820 3077 911 3141 ὅσοι
938 3076 1101 3159 καρπὸν
1129 3077 1338 3160 αἰνύμεθα
1362 3079 1531 3160 χύονός.

245 3173 307 3240 our·
336 3172 408 3239 loco
442 3174 556 3260 epioae
587 3173 775 3240 sententiae
808 3172 958 3258 exemplo
990 3171 1141 3255 fuerunt,
1177 3173 1293 3259 quales
1326 3177 1407 3239 sunt
1438 3173 1532 3260 apud

243 3271 428 3338 Homerum
450 3273 483 3335 Z
497 3269 559 3336 142
582 3275 717 3356 βροτῶν,
741 3274 776 3335 οἳ
795 3272 937 3354 ἀρούρης
951 3272 1078 3354 καρπὸν
1096 3272 1223 3336 ἔδουσιν
1259 3272 1289 3334 Φ
1302 3271 1369 3337 465
1385 3273 1531 3358 ἀρούρης

244 3369 371 3453 καρπὸν
394 3371 517 3440 ἔδοντες
547 3371 572 3433 d
595 3369 660 3434 222
684 3370 773 3434 ὅσσοι
795 3376 853 3434 νύν
875 3370 986 3453 βροτοί
1006 3371 1081 3434 εἰσιν
1105 3370 1157 3433 ἐπὶ
1180 3370 1275 3452 χδονί
1298 3376 1381 3434 σῖτον
1404 3371 1531 3442 ἔδοντες

244 3494 256 3533 ι
272 3467 315 3532 89
338 3469 462 3539 οἵτινες
477 3469 586 3551 ἀνέρες
600 3467 661 3532 εἶεν
676 3467 727 3532 ἐπὶ
742 3467 837 3550 χύονί
852 3473 936 3531 σῖτον
952 3468 1084 3538 ἔδοντες.
1125 3465 1281 3532 Imitatus
1298 3469 1351 3532 est
1366 3465 1528 3534 Horatius

245 3563 565 3648 6111111.Π,14,10.Ὶ

351 3660 447 3746 irgm.
471 3662 535 3746 8,1
559 3662 857 3734 Πολυδεύκεος
879 3665 956 3746 βία.
994 3661 1158 3728 Videlicet
1183 3660 1369 3728 Simonides
1390 3661 1528 3728 Homeri

245 3759 393 3827 locorum
422 3759 589 3826 rationem
620 3759 879 3826 11601111Γ105
903 3761 935 3824 Ρ
953 3759 1017 3826 187
1040 3761 1074 3824 Σ
1095 3761 1159 3826 117
1188 3761 1222 3824 Y
1239 3759 1304 3826 307
1326 3761 1364 3824 Χ
1383 3759 1448 3826 323
1474 3761 1526 3843 al,

245 3857 363 3925 eodem
393 3856 491 3924 modo
522 3859 576 3942 βία
606 3856 808 3924 vocabulum
831 3860 1037 3944 usurparunt
1058 3856 1151 3923 Pind.
1176 3855 1223 3924 Ol.
1246 3857 1270 3942 1,
1285 3857 1326 3923 91
1339 3854 1402 3946 [88]
1426 3857 1526 3945 Pyth.

244 3954 299 4038 XI,
311 3955 353 4022 61
371 3955 459 4036 alibi,
485 3954 641 4042 Bacchyl.
656 3954 696 4038 V,
710 3956 788 4037 181;
812 3953 852 4021 de
876 3955 1077 4038 tragicorum
1099 3976 1165 4021 usu
1189 3953 1363 4038 diligenter
1386 3959 1527 4039 egerunt

243 4052 312 4119 Rio.
326 4053 460 4120 Sohenk
474 4053 494 4120 l.
511 4073 536 4120 c.
552 4075 582 4140 p.
595 4055 637 4120 15
650 4074 720 4140 sqq.
751 4051 861 4118 Herm.
874 4053 1047 4121 Raekwitz
1062 4053 1083 4119 l.
1100 4075 1125 4120 c.
1141 4073 1171 4139 p.
1183 4053 1228 4119 42
1241 4073 1310 4138 sqq.
1345 4052 1527 4120 Praeterea

244 4153 355 4217 totum
369 4150 433 4219 hoc
449 4151 650 4218 circuitionis
663 4171 769 4233 genus
785 4149 1023 4218 adumbratum
1038 4150 1190 4216 invenies
1202 4150 1300 4218 K-o.
1313 4151 1393 4234 11³‚1
1406 4173 1437 4240 p.
1450 4153 1524 4219 280.

351 4249 443 4332 frgm.
472 4248 563 4331 36,2
595 4239 706 4314 θεῶν
733 4297 740 4313 .
764 4298 801 4316 ..
831 4250 1034 4315 ἀνάκτων.
1089 4246 1249 4316 0011161116
1284 4247 1380 4315 Hom.
1409 4250 1525 4334 μ290

351 4427 371 4495 Ί)
391 4425 442 4482 cir.
460 4427 503 4482 La
520 4425 626 4491 Socho,
646 4424 818 4482 Homcmchc
839 4425 989 4482 Talaos
1006 4441 1033 4496 p.
1046 4424 1107 4480 315.

351 4507 370 4576 8)
389 4506 439 4562 His
457 4507 547 4562 addas
566 4504 601 4570 ἐξ
618 4501 764 4573 ἀδήλωνε
782 4501 967 4574 τριγλώχιν
985 4502 1102 4560 διττός
1120 4503 1523 4573 113111.243,611.Η6111.Ε393

244 4583 322 4654 ὀιστῷ
341 4605 382 4659 τρ.
401 4588 433 4638 Λ
449 4585 503 4642 507
521 4586 551 4654 ἰῷ
569 4605 619 4652 co„
639 4585 767 4642 similiter
786 4587 809 4636 Θ
827 4585 880 4639 297
897 4581 1087 4653 τανυγλώχινας
1105 4582 1213 4639 διττούς.
