3272 5040
655 290 877 357 -29..

8 443 29 506 ³³ss
123 471 215 534 θεῶν
241 470 349 554 ἀέκητι
379 471 526 534 ἀνάκτων
557 467 764 555 eandemque
794 488 912 534 vocem
942 471 1022 544 ἄναξ
1052 467 1191 552 singulis
1223 467 1294 536 deis
1317 467 1407 555 apud

8 563 28 626 q:
123 565 307 634 Homerum
330 566 457 653 passim
481 564 687 632 attributam.

19 721 21 727 .
231 662 325 748 irgm.
348 662 435 746 41,1
462 666 635 748 ἀήτα...
659 665 831 749 ἀνέμων.
877 663 975 751 Apud
999 663 1109 750 epicos
1133 665 1307 751 utriusque
1331 664 1409 732 sub·

7 763 27 807 2⁷·
124 761 268 828 stentivi
292 763 354 828 aut
369 759 547 845 singularis
563 781 721 827 numerus
737 761 882 848 ponitur,
907 760 962 827 cfr.
983 761 1092 829 0626
1108 765 1238 848 ἀνέμοιο
1255 764 1290 828 ἀί
1306 764 1410 836 ὀεινὸς

7 864 25 946 ²?
123 862 216 945 ἀήτη,
236 861 298 926 aut
312 858 461 946 pluralis,
479 859 533 925 cir.
547 860 578 923 Ξ
585 858 653 924 264
668 861 833 943 ἀργαλέων
848 862 977 944 ἀνέμων
993 910 1020 925 ..
1036 862 1134 944 ἀήτας
1155 859 1233 926 Ηοε.
1246 858 1327 946 Opp.
1339 860 1404 926 621

10 958 25 1005 *¹
122 960 286 1024 παντοίων
311 960 495 1042 ἀνέμων..
519 959 619 1042 ἀῆται,
643 955 762 1023 deinde
786 956 990 1040 singulorum
1012 959 1192 1024 ventorum
1213 958 1408 1025 nominibus

6 1087 22 1102 ¹·
123 1053 251 1121 additis
274 1057 294 1121 θ
317 1055 383 1124 567
408 1057 559 1140 ζεφύροιο
583 1107 614 1122 ..
638 1057 736 1140 ἀήτας
769 1054 848 1122 Hes,
869 1053 948 1142 Opp.
972 1055 1037 1123 675
1060 1056 1181 1122 Νότοιο
1205 1105 1212 1121 .
1236 1106 1242 1121 .
1267 1105 1274 1121 .
1297 1058 1404 1140 ἀήτας,

122 1174 269 1240 quocum
292 1154 443 1220 conferas
459 1151 647 1240 Baoohylid.
663 1151 749 1233 XVI,
762 1152 803 1220 91
827 1154 945 1238 βορεὰς
968 1204 975 1220 .
1002 1203 1009 1219 .
1032 1203 1039 1218 .
1063 1155 1151 1238 ἀήτα.
1186 1153 1282 1238 Ἀήτη
1306 1174 1406 1219 usur·

12 1239 20 1302 ἶ
122 1254 226 1338 patur
240 1253 413 1338 praeterea
436 1250 523 1318 ι139
546 1249 624 1317 Ηοε.
638 1249 718 1338 Opp.
731 1249 807 1334 646,
820 1251 945 1338 ubique
961 1251 1002 1317 de
1018 1251 1114 1318 venti
1127 1250 1224 1317 fletu.
1262 1250 1406 1317 Paulum

7 1355 14 1402 ἱ
123 1349 170 1415 ab
193 1349 248 1460 his
269 1349 378 1460 diiiert
393 1349 569 1415 Anacreon
592 1349 628 1415 ir.
645 1349 733 1432 25,2
756 1351 923 1434 πτερύγων
945 1352 1054 1434 ἀήιαις
1076 1347 1299 1416 translatione
1321 1369 1407 1416 usus

5 1541 18 1584 ’³'
121 1445 441 1626 bandililgiiiidiHss
475 1546 543 1628 ίκη
567 1547 597 1608 τ’
622 1524 664 1616 ἐξ
684 1547 812 1628 ἀκρον
839 1545 1048 1628 ἀνδρείας.
1094 1543 1192 1631 Apud
1223 1542 1405 1610 Homerum

121 1640 246 1724 legitur
268 1641 397 1727 proprio
421 1662 524 1707 sensu
553 1642 588 1706 Ψ
604 1641 669 1709 339
701 1644 748 1715 ὡς
770 1645 810 1707 ἅν
832 1667 878 1708 τοι
906 1645 1033 1728 πλήμνη
1058 1669 1092 1727 χε
1115 1644 1281 1709 δοάσσεται
1303 1644 1408 1727 ἀκρον

5 1756 16 1798 ‘fi
122 1741 250 1806 ἱκέσθαι
272 1741 392 1804 κύκλου
415 1747 557 1824 ποιητοῖο
592 1739 798 1806 1483--540
821 1740 968 1825 ἐδεύησεν
992 1742 1125 1825 ἀόίήιον
1148 1743 1250 1825 ἀκρον
1272 1742 1405 1822 ἱκέσθαι,

6 1835 11 1897 .’
121 1837 206 1902 item
236 1835 314 1902 Hes.
338 1836 418 1924 Opp.
439 1836 504 1903 291
537 1839 616 1922 ἀστὴν
647 1840 715 1910 eug
745 1840 847 1923 ἀκρον
877 1841 979 1922 ύιηται
1009 1837 1065 1923 (sc.
1089 1837 1205 1922 οἶμος),
1237 1836 1408 1904 translata

5 1957 8 1994 ι
121 1935 261 2001 notione
285 1935 373 2000 siout
403 1935 492 2021 apud
516 1935 720 2002 Simonidem
744 1937 886 2022 primum
908 1934 1080 2000 invenitur
1101 1936 1136 2000 in
1160 1935 1323 2019 elegiacis
1349 1935 1404 2002 cir.

4 2053 12 2096 ῖῑ
122 2033 214 2120 Tyn
242 2033 335 2116 irgm.
357 2034 409 2117 12,
422 2032 466 2098 43
500 2035 614 2118 ταύτης
643 2041 701 2099 νῦν
733 2059 778 2106 τις
812 2033 893 2118 ἀνὴρ
928 2035 1041 2117 ἀρετῆς
1075 2035 1118 2104 είς
1148 2036 1249 2118 ἀκρον
1280 2035 1406 2100 ἱκέσθαι

5 2178 8 2192 .
121 2133 291 2214 πειράσθω
309 2133 420 2215 θυμῷ,
444 2131 509 2198 vid.
526 2129 645 2197 deinde
661 2128 847 2217 Empedocl.
863 2128 928 2212 4‚8
951 2133 1065 2215 σοφίης
1088 2133 1135 2195 ἐπ’
1164 2134 1288 2216 ἄκροισι
1310 2129 1406 2198 Ρ11111

4 2249 10 2291 ἰ
120 2227 216 2295 Nem.
232 2228 288 2315 VI,
302 2228 344 2294 23
368 2229 450 2312 πρὸς
465 2231 566 2312 ἄκρον
581 2232 694 2312 ἀρετᾶς
716 2229 817 2313 ἦλθον
841 2227 956 2294 Isthm.
972 2228 1025 2313 III,
1039 2228 1083 2294 50
1104 2230 1179 2313 πρὶν
1200 2231 1287 2300 τέλος
1303 2231 1407 2313 ἄκρον

7 2381 10 2390 ,
121 2329 247 2393 ἱκέσθαι
277 2324 433 2414 Aeschyl.
448 2324 487 2392 11.
504 2326 569 2392 362
592 2328 694 2393 πόνον
719 2328 780 2412 γὰρ
803 2329 905 2410 ἀκρον
923 2376 954 2394 ..
985 2329 1069 2410 trag.
1092 2326 1205 2412 adesp.
1220 2325 1346 2412 11647,
1360 2323 1403 2415 [5]

3 2449 9 2484 ς·
122 2427 280 2508 ἐπ’ἅκρον
301 2432 358 2490 τοῦ
381 2426 489 2496 καλῶς
510 2427 654 2509 πράττειν
677 2423 764 2491 alibi.

230 2521 385 2606 11811163
409 2525 582 2606 ἔσχατον
617 2525 758 2588 ἀύεται
787 2523 890 2587 κατὰ
923 2528 995 2607 γᾶς
1016 2523 1036 2589 i.
1053 2543 1079 2588 e.
1099 2521 1291 2606 „moritur“;
1315 2521 1404 2609 quod

122 2639 168 2685 ex
191 2619 283 2706 epioo
308 2639 460 2686 sermone
484 2623 536 2685 est
559 2618 800 2707 depromptum,
824 2618 880 2685 cir.
902 2619 998 2686 Hom.
1013 2620 1124 2686 P322
1148 2622 1179 2686 Ζ
1194 2619 1234 2686 19
1258 2619 1300 2686 at.

3 2717 5 2738 *
230 2716 381 2801 11311165
406 2719 424 2782 ὁ
448 2717 533 2782 θάύ
556 2720 742 2790 θάνατος
771 2721 860 2801 κίχε
886 2720 958 2782 κτὲ.
1004 2717 1055 2782 En
1078 2717 1199 2784 similia
1222 2716 1311 2803 apud
1333 2717 1405 2783 Ho-

120 2835 252 2880 merum
263 2816 295 2880 P
300 2814 366 2883 478
376 2865 382 2881 .
392 2815 458 2882 672
473 2815 511 2880 X
514 2814 580 2881 436
597 2823 654 2881 νῦν
664 2816 706 2881 αὗ
717 2817 857 2888 θάνατος
871 2817 925 2880 καὶ
936 2822 1034 2899 μοῖρα
1049 2815 1170 2898 κιχάνει
1194 2815 1213 2878 l
1222 2814 1288 2880 416
1296 2818 1405 2900 μ’ῶκα

121 2915 210 2985 τέλος
234 2915 386 2978 θανάτοιο
408 2915 518 2998 κιχείη,
548 2933 657 3000 neque
681 2911 778 2979 aliter
799 2915 981 3000 usurpatur
1008 2913 1143 2996 ὄλεθρος
1174 2910 1254 2996 ulia3
1285 2911 1405 2978 deinde

121 3009 188 3076 vid.
211 3009 323 3078 Mimn.
346 3010 412 3096 6,2
459 3010 569 3078 Solon.
593 3010 683 3094 20,4
703 3019 802 3096 μοῖρα
824 3015 908 3097 κίχοι
929 3011 1072 3076 θανάτου
1096 3007 1185 3076 alibi.

229 3106 324 3192 frgm.
352 3109 444 3191 75‚2
484 3111 623 3193 δῶρον
660 3111 857 3194 ἀμπέλου.
936 3108 1177 3194 comparentur
1218 3106 1282 3172 loci
1319 3107 1405 3194 epici

120 3205 219 3273 Hom.
241 3204 405 3273 Γ64.64
428 3206 619 3274 1111111102
643 3205 684 3273 al.

518 3473 551 3540 3.
575 3473 618 3540 de
640 3473 824 3541 vocabulis
846 3473 1014 3554 singulis.

230 3595 390 3662 &trema
410 3595 511 3662 huius
527 3595 771 3663 dissertationis
793 3600 889 3684 parte
913 3596 954 3663 de
975 3595 1115 3679 singulis
1130 3596 1242 3663 verbis
1258 3595 1402 3663 Simoni-

122 3692 194 3758 deis
218 3693 287 3759 iam
310 3693 500 3759 accuratius
524 3695 586 3760 erit
609 3693 844 3781 quaerendum.
891 3695 1070 3762 Geminum
1093 3697 1209 3760 autem
1232 3715 1306 3760 essc
1330 3689 1404 3760 eius

120 3790 213 3857 modi
244 3790 450 3876 quaestionis
484 3789 630 3857 fructum
662 3791 902 3859 existimamus.
948 3791 1082 3858 Etenim
1113 3813 1190 3858 cum
1223 3791 1267 3857 ad
1297 3792 1402 3878 ipsius

123 3886 305 3954 Simonidis
320 3889 436 3974 poesin
452 3889 571 3955 melius
586 3889 832 3976 percipiendam
847 3888 1057 3976 aliquantum
1072 3889 1165 3956 valet
1179 3891 1253 3955 tum
1269 3888 1404 3958 omnino

121 3985 167 4052 ad
191 3983 353 4052 Graecam
375 3984 534 4070 linguam,
567 3985 677 4072 qualis
699 3989 773 4052 tum
794 3985 908 4070 tuerit,
932 3985 1211 4073 quemadmodum
1233 4007 1293 4073 per
1314 3989 1401 4052 tem-

121 4104 205 4170 pora
221 4081 414 4166 adoleverit,
439 4104 604 4171 quasnam
619 4085 824 4150 mutationes
839 4083 960 4170 inierit,
985 4084 1250 4168 cognoscendam
1265 4082 1403 4150 confert

230 4179 393 4246 Nimirum
422 4181 486 4248 hoc
515 4203 647 4269 quoque
669 4182 704 4247 in
734 4183 903 4268 proposito
929 4181 1154 4268 incipiendum
1177 4183 1238 4248 erit
1261 4181 1313 4248 ab
1337 4183 1403 4248 eis

120 4277 368 4361 vocabulis,
404 4300 513 4366 quac
536 4280 619 4346 iam
648 4279 692 4346 in
722 4279 861 4366 epicis
885 4280 1153 4346 carminibus
1176 4279 1399 4364 leguntur,

121 4375 366 4464 percensendis

229 4475 355 4562 Atque.
373 4496 415 4542 ea
446 4473 580 4562 quidem
603 4477 728 4561 omnia,
761 4497 847 4562 quae
871 4475 960 4563 apud
983 4476 1165 4542 Homerum
1186 4475 1330 4562 primum
1351 4474 1401 4542 le·

122 4575 261 4656 guntur,
295 4572 332 4638 in
360 4571 469 4640 indice
501 4571 745 4641 dissertationis
775 4573 811 4638 in
842 4572 931 4640 calce
961 4572 1091 4642 adiecto
1121 4573 1276 4642 invenies
1307 4575 1402 4659 signo
