3272 5040
626 282 849 350 „21-

87 462 130 528 in
148 461 273 530 deliciis
289 460 423 530 videtur
437 461 605 545 habuisse,
628 462 750 549 quippe
766 461 823 548 qui
838 482 907 528 non
921 461 1032 528 miuus
1044 460 1377 549 duodequadraginta

87 559 266 642 exhibeat,
291 581 356 648 quo
381 580 552 626 enumero
568 581 611 626 ne
636 580 740 626 unum
756 558 889 645 quidem
909 557 1000 647 apud
1014 559 1197 626 Homerum
1212 559 1377 644 legatur.¹)

89 659 260 725 Attamen
283 657 374 745 apud
396 656 516 746 lyricos
533 659 657 744 poetas
673 656 760 724 tales
782 677 883 724 voces
906 677 980 724 raro
1003 657 1229 724 inveniuntur.
1264 657 1376 744 Repe-

89 759 216 823 tuntur
238 758 353 822 autem
377 777 420 822 ex
442 755 587 821 Homero
610 754 646 822 in
669 753 823 838 elegiacis
846 757 882 822 et
903 753 1068 822 iambicis:

203 856 319 938 ὀώτωρ
342 853 488 936 Theogn.
504 874 535 919 v.
552 850 618 918 134

86 949 215 1018 deinde
238 950 274 1017 in
297 950 568 1038 philosophorum
591 951 815 1017 vetustiorum
836 949 1054 1018 hexametris:

203 1051 346 1134 ἠλέκτωρ
370 1047 556 1135 Empedocl.
579 1048 667 1132 22,2
692 1047 793 1128 (Post.
816 1047 934 1135 philos.
959 1047 1012 1116 Gr.
1035 1047 1130 1132 frgm.
1155 1047 1205 1116 ed.
1228 1048 1329 1132 Diels)

84 1147 128 1212 in
152 1146 292 1214 melicis:

202 1247 332 1330 ἀγήτωρ
357 1241 540 1334 [Terpand]
568 1245 626 1328 1,2

200 1344 422 1428 πανδαμάτωρ
446 1341 569 1410 Simon.
584 1340 647 1425 4,o
671 1341 824 1429 Baoohyl.
840 1341 925 1426 XIH,
938 1341 1003 1408 205

201 1444 297 1526 ἵστωρ
320 1439 476 1528 Baoohyl.
491 1439 575 1526 VIII,
588 1439 641 1508 44.

85 1559 184 1606 nova
208 1540 397 1605 occurrunt:

200 1639 335 1721 γενέτωρ
357 1635 554 1724 Xenophan.
572 1636 661 1720 30,4
682 1636 797 1720 (Diels)

199 1736 298 1819 ἰάτωρ
320 1733 424 1801 Alam.
440 1734 493 1818 23,
502 1735 546 1802 89
568 1734 677 1820 (Hom.
693 1733 798 1820 ἰητήρ)

199 1835 341 1917 ἀλέκτωρ
365 1831 488 1899 Simon.
504 1832 549 1899 80
571 1833 641 1916 Β,1
666 1832 759 1899 Pind.
776 1822 824 1898 Ol.
847 1831 918 1915 XII,
931 1832 974 1899 13

199 1931 351 2014 ἀμύντωρ
375 1929 498 1996 Simon.
515 1929 558 1996 86
581 1930 620 2016 (=
635 1928 678 1996 66
695 1929 817 2012 Η.-ὓτ.)
840 1928 944 2013 (Hom.
969 1931 1170 2015 ἐπαμύντωρ)

198 2031 332 2113 κτίστωρ
354 2026 446 2096 Pind
470 2027 564 2112 frgm.
591 2027 664 2110 105,
677 2024 747 2116 2[3]

85 2123 296 2212 Perparvum
327 2124 469 2212 denique
500 2145 676 2192 numerum
706 2145 825 2212 prosae
849 2124 1010 2192 orationis
1037 2124 1214 2212 praecipue
1237 2124 1371 2192 Atticae

88 2223 269 2310 scriptores
291 2223 465 2309 praebent,
498 2222 589 2310 apud
611 2244 695 2310 quos
718 2223 826 2307 magis
848 2223 885 2289 in
917 2241 981 2290 usu
1011 2226 1065 2290 est
1095 2221 1259 2290 suffixum
1273 2261 1291 2274 ·
1306 2249 1370 2309 της.

86 2321 246 2388 (letarum
270 2321 310 2388 de
333 2321 387 2386 his
410 2320 541 2388 suffixis
564 2321 755 2388 conferatur
773 2321 868 2388 Mart
888 2321 986 2390 Luth
1002 2319 1142 2406 D'Ooge‚
1169 2325 1219 2390 On
1242 2322 1293 2390 the
1315 2345 1372 2392 use

85 2422 129 2505 os
147 2420 198 2487 roe
220 2420 355 2505 ruffiaco
377 2445 428 2504 τερ
451 2445 507 2504 τορ
530 2445 588 2505 τηρ
610 2444 648 2484 τα
671 2422 708 2487 iro
731 2422 860 2488 Homer.
884 2419 970 2487 Dies·
986 2419 1098 2504 inaug.
1118 2417 1206 2506 lips·
1229 2419 1371 2507 (annum

87 2516 178 2584 male
201 2517 314 2584 omisit
337 2516 475 2606 auctor).

196 2677 246 2743 De
283 2676 422 2744 vocibus
460 2678 777 2744 terminatione
816 2677 971 2765 (ο)-σύνη
1006 2677 1193 2761 instructis,
1229 2689 1372 2765 quarum

87 2775 277 2842 Simonides
300 2774 454 2863 exempla
477 2775 582 2843 habet
597 2776 680 2859 86,1
703 2780 739 2857 (=
753 2773 813 2859 irg.
826 2774 869 2842 66
891 2773 1013 2858 rr-crr
1038 2777 1244 2860 ὁυοφροσύνη
1272 2774 1369 2864 (57,1

85 2873 240 2961 πίσυνος),
279 2873 414 2940 συσσίτια
449 2875 517 2958 egit
546 2872 684 2958 Verrall,
727 2876 776 2942 Oa
810 2895 894 2940 some
928 2875 1013 2941 iccio
1047 2875 1192 2941 τίυωσπίτ
1225 2875 1263 2941 iu
1293 2875 1371 2942 attic

87 2974 231 3058 tragedia
252 2971 288 3038 in
312 2973 384 3038 The
399 2973 517 3041 Jourc.
533 2974 574 3057 os
582 2973 662 3040 Hcll.
678 2973 768 3040 Stoa
785 2969 850 3038 vol.
865 2970 880 3036 Ι
902 2992 933 3058 p.
949 2970 1370 3056 260-29211,179-216‚

88 3069 146 3156 qui
168 3068 328 3156 imprimis
351 3069 553 3153 tragicorum
576 3069 764 3137 Atticorum
786 3069 864 3136 usui
886 3067 1083 3136 illustrando
1107 3088 1244 3156 operam
1267 3067 1368 3155 dedit,

86 3188 197 3254 pauca
227 3166 457 3238 disseruerunt
490 3165 531 3234 de
567 3166 721 3251 elegiacis
757 3166 892 3254 quidem
915 3164 1045 3251 Weigel
1073 3165 1094 3233 l.
1120 3187 1145 3234 o.
1168 3187 1199 3254 p.
1215 3165 1291 3252 216,
1328 3165 1369 3234 de

88 3263 198 3353 lyricis
228 3265 339 3353 poetis
368 3266 404 3331 in
434 3265 629 3332 universum
651 3265 733 3332 Rob.
754 3264 911 3349 Holsten‚
943 3263 984 3330 de
1009 3263 1189 3333 Stesichori
1219 3267 1256 3331 et
1277 3263 1370 3352 Ibyci

86 3362 230 3430 dialecto
254 3367 289 3430 et
305 3364 401 3450 copia
416 3364 594 3431 verborum
616 3363 702 3430 Diss.
717 3363 828 3448 inaug.
845 3361 1033 3450 Gryphisw.
1052 3362 1138 3430 1884
1153 3383 1183 3450 p.
1196 3362 1239 3430 55
1260 3365 1295 3429 et
1316 3363 1368 3430 70.

194 3461 426 3528 Arteliciosius
450 3466 575 3545 autem,
601 3481 702 3549 quam
718 3465 757 3528 ut
778 3460 877 3528 nobis
899 3459 1110 3548 persuadeat,
1135 3460 1368 3547 quaestionem

86 3559 248 3626 mactavit
270 3557 412 3644 VerralI3
443 3558 476 3625 id
501 3560 590 3626 enim
612 3561 754 3646 spectat,
786 3562 835 3642 ut,
868 3557 1068 3645 ubicumque
1090 3579 1159 3625 vox
1188 3557 1252 3625 hoo
1274 3558 1369 3626 exitu

85 3655 226 3739 insignis
256 3656 378 3741 legitur
408 3656 498 3745 apud
527 3657 687 3743 tragicos,
719 3660 856 3744 poetam
887 3657 986 3723 certis
1014 3654 1214 3743 quibusdam
1244 3657 1365 3742 causis,

87 3753 185 3820 modo
207 3753 273 3820 hac
295 3753 394 3822 modo
417 3754 484 3839 illa,
517 3758 720 3822 commotum
749 3753 902 3821 consulto
925 3754 1058 3821 Ionicae
1081 3754 1137 3822 vel
1160 3755 1273 3842 opicae
1298 3753 1366 3822 dic·

88 3851 188 3917 tionis
213 3851 254 3918 ad
278 3853 502 3920 imitationem
526 3873 562 3919 se
585 3851 771 3940 applicasse
788 3853 932 3937 evincat,
957 3853 1082 3940 quain
1104 3873 1139 3918 re
1162 3851 1251 3940 quod
1274 3851 1368 3919 haud

85 3969 211 4036 paucos
234 3949 326 4017 locos
350 3972 432 4017 suae
456 3949 741 4036 argumentationi
764 3949 948 4017 contrarios
964 3950 1035 4037 ipse
1055 3951 1208 4038 repperit,
1231 3950 1366 4018 minIme

87 4048 252 4114 miramur.
299 4047 464 4115 Videntur
487 4049 576 4116 enim
597 4047 682 4116 haec
705 4047 872 4115 vocabula
895 4048 994 4116 sicuti
1016 4048 1125 4115 multa
1147 4046 1215 4116 alia
1234 4047 1366 4116 Ionicae

194 4182 213 4250 ¹)
232 4182 311 4250 Quae
330 4197 394 4236 cum
413 4181 507 4238 adhuc
531 4182 652 4238 collecta
670 4198 732 4238 esse
750 4198 809 4238 non
827 4181 982 4250 videamus,
1007 4182 1064 4238 iam
1082 4181 1161 4238 brevi
1178 4198 1318 4253 ponamus
1335 4181 1366 4238 in

86 4263 254 4331 conspectu:
274 4261 361 4332 ἄκτωρ
380 4258 501 4334 ἀλάστωρ
519 4258 636 4335 ἀλέκτωρ
648 4261 769 4334 ἀνάκτωρ
787 4258 929 4334 ἀρμόστωρ
948 4261 1083 4334 ἀπτίστωρ
1100 4261 1219 4334 ἀφίκτωρ
1236 4259 1366 4335 γεννήτωρ

88 4334 201 4410 δαίκτωρ
220 4336 318 4413 δέκτωρ
337 4337 498 4413 δυττινάτωρ
522 4338 650 4414 ἐκδίκτωρ
675 4340 790 4415 οὖνάτωρ
814 4339 942 4415 ἐφάπτωρ
960 4339 1082 4415 θίίκτωρ
1106 4339 1265 4414 θεομήστωρ
1282 4341 1365 4416 ’ἰκτωρ

84 4419 236 4490 μαστίκτωρ
254 4418 374 4492 μιαίοτωρ
400 4420 524 4494 μνήοτωρ
550 4423 665 4494 νεμέτωρ
690 4415 802 4494 οἰκήτωρ
826 4419 991 4495 παιὸοίίτωρ
1015 4421 1151 4494 ποννάτωρ
1173 4419 1364 4496 ποίνμνήστωρ

85 4496 232 4570 πορθῑήτωρ
249 4497 376 4572 πράκτωρ
388 4501 539 4571 προσίκτωρ
557 4500 642 4574 ῥήτωρ
660 4500 764 4574 τάκτωρ
783 4499 899 4574 συίήτωρ
912 4499 1064 4574 συίλήπτωρ
1077 4498 1221 4575 συνδαίτωρ
1240 4503 1365 4575 συνίστωρ

85 4576 242 4650 συντήκου
259 4577 400 4651 vuinus
418 4577 535 4654 νίὴτντ
553 4580 687 4654 τρόπω·
