3272 5040
795 282 1018 348 „22-

266 459 445 546 epicaeque
470 457 612 525 dialecto
643 461 774 548 propria
802 465 935 547 postea,
967 482 1087 528 cuma
1116 462 1261 548 pedestri
1285 465 1436 531 oratione
1461 485 1551 532 non-

265 556 366 623 nullis
398 557 547 643 exceptis
578 558 846 644 repudiarentur,
878 559 1000 644 poetici
1031 563 1145 626 tamen
1176 561 1338 627 sermonis
1365 561 1552 648 peculiaria

266 675 306 720 ac
328 655 459 743 propria
481 655 572 722 lacta
594 677 667 722 esse
690 657 748 737 ita,
780 660 829 742 ut,
863 657 1061 744 quicumque
1084 659 1284 740 tragicorum
1307 680 1426 726 versus
1450 662 1551 728 audi-

267 753 380 836 ebant,
405 773 446 819 ea
468 773 537 818 non
560 756 600 819 ut
618 753 781 820 Icnismos
805 755 865 820 sed
887 758 926 821 ut
949 756 1079 842 poetico
1095 756 1240 843 quodam
1263 757 1371 823 colore
1393 759 1553 844 praedita

266 855 368 936 atque
399 850 531 916 imbuta
561 851 758 938 acciperent.
804 851 898 932 Quod
930 874 968 919 eo
1002 854 1100 920 citius
1122 855 1193 920 fieri
1223 857 1346 941 potuit,
1379 857 1462 942 quia
1485 857 1552 924 illis

265 948 405 1016 vocibus
435 948 591 1014 notiones
626 949 694 1014 iarn
730 949 819 1036 apud
842 949 1023 1017 Homerum
1057 952 1250 1039 plerumque
1281 953 1428 1020 subsunt
1465 975 1553 1042 quas

267 1045 409 1112 dicimus
433 1043 632 1129 abstractae,
656 1045 771 1112 multis
792 1047 921 1114 ethicae
939 1048 1046 1116 veluti
1069 1053 1194 1134 (tyara,
1218 1054 1310 1128 ἄεσα,
1335 1054 1440 1128 δολο-,
1466 1079 1554 1129 σσο-,

267 1146 368 1229 φιλο,
384 1145 628 1229 χαλι-φροσύνη,
644 1148 831 1231 κερδοσύνη,
847 1148 1040 1233 κλεπτοσύυη
1054 1147 1135 1232 aliiS,
1149 1149 1237 1235 quod
1249 1149 1428 1216 verborum
1441 1171 1554 1234 genus

265 1242 417 1328 poeticae
452 1239 632 1306 elocutioni
662 1243 838 1329 praecipue
877 1245 1054 1312 convenire
1089 1267 1186 1312 nemo
1222 1249 1274 1313 est
1308 1249 1388 1333 quin
1423 1248 1554 1316 videat.
1624 1237 1625 1304 l

265 1339 381 1426 Neque
405 1338 507 1422 igitur
529 1340 658 1422 mirum,
683 1339 772 1426 quod
794 1342 937 1424 gnomici
959 1363 1039 1428 prae
1063 1343 1181 1410 ceteris
1204 1343 1414 1412 adamarunt.

373 1435 445 1502 Hoc
468 1457 573 1502 unum
596 1440 711 1504 autem
726 1439 797 1504 viro
822 1439 919 1506 docto
936 1439 1065 1506 Verrall
1086 1462 1182 1528 porro
1204 1445 1277 1508 erat
1291 1443 1554 1530 respiciendum,
1624 1445 1625 1534 ζ

265 1535 383 1600 horum
399 1533 577 1601 verborum
600 1557 700 1602 usum
715 1536 783 1602 iam
806 1539 981 1623 propterea
998 1539 1246 1622 angustioribus
1262 1539 1389 1606 finibus
1406 1543 1554 1608 circum-

266 1634 425 1720 scriptum
449 1653 533 1738 esse,
565 1633 654 1719 quod
684 1633 840 1720 pleraque
865 1634 1122 1702 choriambicum
1146 1636 1270 1704 cadunt
1293 1639 1328 1704 in
1350 1639 1552 1726 rhythmum

265 1837 301 1902 in
324 1838 514 1906 trimetrum
536 1839 717 1906 iambicum
746 1839 846 1926 recipi
869 1842 992 1926 potest,
1024 1844 1065 1907 ut
1086 1841 1206 1907 iambis
1231 1843 1470 1928 anapaesticus
1493 1844 1554 1910 vel
1624 1823 1625 1890 i

266 1935 420 2023 dactylus
442 1938 618 2020 inseratur,
649 1937 684 2003 id
707 1935 800 2023 quod
818 1958 950 2023 perraro
974 1937 1052 2004 licet
1070 1939 1109 2004 in
1130 1940 1280 2006 trimetro
1303 1942 1438 2024 tragico.
1475 1941 1553 2022 Quo
1624 1903 1625 1994 t

265 2034 313 2120 fit,
329 2038 370 2100 ut
386 2055 404 2100 e
421 2034 775 2123 duodequinquaginta
791 2035 839 2100 eis
855 2035 945 2120 locis,
968 2037 1088 2122 quibus
1104 2058 1205 2104 voces
1220 2039 1256 2102 in
1272 2041 1366 2122 -σύυη
1383 2042 1554 2106 exeuntes

266 2131 356 2218 apud
379 2134 523 2216 tragicos
546 2133 631 2220 (dico
655 2132 809 2220 Aeschyl.
826 2132 977 2219 Sophocl.
1000 2135 1121 2221 Eurip.)
1144 2136 1372 2220 inveniuntur,
1397 2138 1556 2224 exceptis

265 2229 373 2296 tribus
410 2229 595 2317 Euripideis
633 2231 702 2318 iph.
731 2230 805 2296 Aul.
835 2229 942 2320 [1431]
982 2231 1055 2298 Tro.
1094 2233 1159 2299 990
1198 2233 1317 2300 Bacch.
1345 2233 1448 2319 1302,
1489 2235 1555 2302 ubi

266 2329 434 2413 ἀφροσύνη
464 2331 618 2407 occurrit,
649 2349 693 2395 ne
723 2349 813 2394 unus
844 2327 979 2414 quidem
1010 2332 1122 2396 exstet
1151 2331 1186 2395 in
1208 2331 1337 2398 iambis.
1383 2330 1553 2399 Videmus

264 2426 365 2511 igitur
381 2427 483 2494 etiam
499 2448 655 2494 numeros
672 2426 716 2494 ad
731 2427 794 2494 has
811 2447 910 2494 voces
928 2428 998 2494 sive
1015 2427 1172 2495 vitandas
1189 2429 1259 2495 sive
1283 2429 1555 2516 frequentandas

265 2525 467 2610 permultum
483 2524 674 2610 contulisse,
700 2545 764 2612 quo
780 2523 912 2592 facilius
932 2525 1000 2591 iam
1016 2525 1248 2609 intellegemus
1270 2528 1305 2593 in
1322 2530 1428 2593 metro
1444 2527 1554 2595 heroo

265 2622 285 2687 i.
302 2643 328 2688 e.
353 2621 442 2710 apud
465 2621 647 2689 Homerum
671 2625 705 2689 et
728 2621 818 2710 apud
841 2623 1005 2706 elegiacos
1033 2627 1152 2710 poetas
1176 2645 1233 2690 eas
1257 2626 1364 2708 magis
1387 2625 1553 2712 frequen-

265 2720 331 2786 tari
354 2741 456 2808 quam
479 2719 569 2807 apud
592 2723 729 2787 ceteros.

373 2924 671 2992 Adiectivorum
701 2924 923 2992 verbalium
955 2947 1041 3012 quae
1072 2925 1227 2992 dicuntur
1257 2948 1333 2993 curn
1363 2949 1553 3014 permagna

265 3022 301 3088 in
330 3044 396 3088 usu
427 3023 472 3090 sit
502 3023 597 3109 copia
627 3021 704 3090 inde
735 3023 778 3090 ab
809 3024 952 3090 Homero
983 3025 1018 3090 in
1054 3025 1144 3090 omni
1175 3045 1295 3108 genere
1325 3025 1479 3112 poeticae
1513 3030 1552 3094 et

265 3121 430 3207 pedestris
454 3121 617 3204 dictionis,
646 3121 849 3206 praefixo
874 3124 969 3195 δυς-
992 3124 1108 3189 tamen
1139 3143 1182 3188 ne
1205 3143 1310 3188 unum
1334 3121 1469 3210 quidem
1492 3125 1550 3191 in-

265 3219 399 3285 venitur
431 3218 467 3284 in
501 3221 678 3306 poetarum
713 3219 769 3305 qui
797 3218 957 3286 Simonidi
991 3223 1105 3287 aetate
1141 3220 1348 3288 antecedunt
1381 3223 1548 3308 versibus,

266 3313 356 3403 apud
386 3317 496 3403 ipsum
520 3315 724 3383 Simonidem
758 3316 866 3383 solum
890 3319 1093 3402 δυσάμβατος
1121 3317 1216 3400 irgm.
1240 3319 1293 3403 58,
1307 3319 1342 3400 2,
1377 3341 1551 3407 perpauca

266 3411 386 3480 deinde
410 3412 499 3500 apud
522 3413 623 3480 hosce
646 3416 778 3502 poetas:

379 3512 535 3596 δύσβατος
556 3507 650 3578 Pind.
673 3511 767 3578 Nom.
783 3511 852 3596 VH,
863 3512 906 3580 97

380 3611 581 3695 δυσμάχητος
603 3609 758 3698 Bacchyl.
780 3609 875 3694 frgm.
892 3609 1013 3694 37A,2
1036 3609 1201 3698 (dubium)

378 3708 606 3780 δυσπάλαιστος
628 3707 813 3795 Epicharm
837 3709 943 3792 254‚5
967 3709 1031 3796 (ed.
1054 3707 1185 3794 Kaibel)

378 3805 545 3890 δύστλητος
567 3804 754 3893 Empedocl
781 3805 881 3889 116,1

266 3899 469 3969 Orebemima
491 3923 569 3969 vero
587 3906 726 3970 exstant
748 3905 838 3992 apud
853 3904 1004 3988 tragicos,
1039 3903 1191 3990 Namque
1207 3903 1394 3992 Aeschylus
1411 3903 1549 3992 quidem

264 3998 370 4066 habet
397 3999 535 4084 triginta
543 4001 581 4086 λ),
607 4001 789 4088 Sophocles
819 4001 951 4087 viginti,
986 4024 1004 4068 e
1036 4001 1157 4089 quibus
1189 4023 1249 4068 serr
1281 4023 1356 4069 cunr
1378 4003 1547 4091 Aeschylo

372 4187 392 4255 ’λ
411 4187 483 4242 Sunt
492 4190 588 4242 autem
597 4187 680 4243 hacc:
695 4183 897 4258 δυσσγκόμιστος
914 4183 1083 4260 δυσάγκριτυς
1100 4183 1245 4244 δυσάλσπσς
1263 4184 1418 4260 δυσάρεστος
1436 4185 1545 4261 δύσαρκ-

264 4281 309 4321 ror
335 4261 462 4336 δύσβατος
489 4262 644 4338 δυσβάΰκτος
671 4263 842 4340 δυσδάκρυτος
869 4265 1019 4325 δυσέκδυτος
1045 4265 1201 4324 δυσεκλύτως
1228 4264 1374 4339 δυσεύρετος
1401 4265 1547 4326 δυσθέατσς

265 4341 385 4402 δυσίατος
411 4342 639 4404 δυσκατάπαυστος
666 4344 800 4420 δύσκριτος
812 4348 874 4419 (ως)
903 4345 1077 4417 δυσαύμαυτος
1104 4344 1238 4404 δύσλετςτσς
1265 4344 1386 4405 δύσλυτυς
1412 4345 1547 4407 δύσσιστος

265 4421 455 4482 δυσπάλαιστος
482 4424 714 4499 δυσπαράθελκτυς
740 4425 948 4500 δυσπαραίτητος
975 4425 1141 4497 δύσπεμπτος
1168 4423 1360 4496 δυσπολέμητυς
1387 4425 1546 4497 δυσπόνητος

265 4501 393 4561 δύσπστυς
428 4501 619 4580 δυστέκμαρτσς
655 4503 794 4576 δύστλητος
830 4505 958 4578 δύσφατσς
994 4504 1168 4577 δυσχάριστσς.
1207 4509 1285 4575 Quae
1303 4509 1440 4563 tractavit
1465 4509 1493 4564 O.
1512 4510 1544 4565 a.

264 4583 380 4656 Bishop‚
401 4584 435 4640 de
455 4585 556 4644 adiect.
574 4589 648 4644 verb.
668 4607 725 4646 -τυς
742 4590 883 4645 terminet.
902 4589 1054 4660 insignium
1072 4603 1126 4642 usu
1144 4588 1246 4642 Aesch.
1265 4586 1375 4657 Lipsiae
1396 4587 1472 4642 1889.
