3272 5040
785 274 1004 342 ,46-

253 455 309 520 οοῖ
331 453 466 537 tradita,
490 453 689 540 interpretas
712 455 828 520 tamen
851 451 936 518 duas
958 453 1122 520 factiones
1146 455 1333 540 sequuntur
1346 453 1383 520 in
1398 454 1538 520 notione

254 541 476 638 expedienda,
500 550 606 618 altera
629 552 718 617 enim
741 571 818 637 pars
841 550 1041 618 scholiorum
1065 550 1182 617 eodem
1205 572 1308 618 sensu
1331 551 1439 638 accipi
1454 549 1538 635 vult,

253 669 322 736 quo
344 648 426 714 locis
457 669 557 734 supra
588 647 699 714 allatis
731 652 784 714 est
807 649 1045 735 accipiendum,
1070 649 1177 716 altera
1203 649 1293 715 idem
1316 650 1432 715 valere
1456 669 1538 719 con·

255 745 365 812 tendit
387 749 489 833 atque
504 747 559 812 τὸν
574 749 732 832 ἑτέρωθεν
742 747 961 832 parmae),
985 751 1020 813 et
1042 746 1086 813 ad
1109 747 1312 813 sententiam
1327 746 1539 834 probandam

255 844 365 930 ipsum
402 846 635 910 contestantur
669 842 880 911 Simonidem.
930 844 1000 910 Iam
1035 865 1114 910 vero
1148 843 1212 911 hoc
1250 847 1302 911 est
1339 843 1537 928 tenendum,

253 939 397 1008 alteram
419 941 516 1024 hanc,
549 963 651 1028 quam
673 940 721 1007 illi
744 940 909 1008 adiectivo
933 941 1089 1008 attribuit
1112 941 1295 1008 scholiasta
1317 945 1536 1030 potestatem,

254 1039 362 1105 solam
383 1038 561 1105 Simonidis
584 1040 655 1106 loco
679 1061 705 1105 c.
729 1039 938 1126 aptissimam
961 1060 1035 1106 esse
1059 1039 1103 1106 ad
1127 1060 1270 1106 sensum.
1316 1039 1437 1126 Itaque
1461 1059 1539 1107 cum

254 1138 359 1204 etiam
389 1136 530 1204 alteram
559 1137 652 1203 illam
682 1137 760 1220 vim,
792 1159 880 1224 quae
911 1141 965 1202 cst
993 1137 1157 1222 „inanis“,
1200 1137 1297 1202 certis
1332 1137 1538 1204 testimoniis

255 1233 347 1301 haud
370 1235 485 1322 paucis
517 1234 749 1301 confirmatam
771 1233 961 1318 viderimus
992 1236 1101 1301 lacere
1133 1255 1202 1301 non
1229 1235 1423 1322 poterimus,
1457 1235 1538 1322 quin

253 1333 427 1399 anthane
450 1353 492 1399 ex
521 1332 580 1398 illa
602 1331 742 1398 fluxisse
766 1335 922 1419 putemus
954 1336 1013 1398 aut
1044 1331 1135 1398 illam
1159 1354 1201 1398 ex
1223 1332 1295 1399 hac.
1341 1333 1413 1398 Aut
1436 1333 1538 1418 igitur

253 1433 402 1514 genuina
424 1430 490 1497 fuit
512 1429 676 1497 vocabulo
696 1434 898 1515 μεταμώνιος
913 1429 981 1516 (vel
995 1433 1208 1516 μειαμώλιος)
1224 1430 1309 1497 haec
1331 1431 1401 1497 vis:
1428 1451 1537 1518 „quae

255 1533 395 1594 ventum
418 1531 636 1615 sequuntur“,
667 1529 778 1594 itaut
807 1549 849 1594 ex
872 1531 990 1613 ἄνεμος
1013 1532 1047 1595 et
1068 1531 1148 1613 μετά
1171 1529 1419 1616 praepositione
1444 1549 1537 1596 eom-

255 1627 403 1712 positum
433 1627 487 1710 sit,
519 1647 587 1714 qua
618 1647 636 1692 e
664 1626 801 1693 notione
831 1626 1008 1692 inanitatis
1039 1627 1158 1693 exoriri
1184 1627 1282 1692 facile
1309 1627 1431 1712 potuit,
1465 1629 1539 1710 aut,¹

252 1761 300 1773 -·-
322 1720 356 1789 id
376 1725 464 1810 quod
487 1725 579 1791 haud
602 1724 713 1790 minus
728 1723 899 1810 probabile
923 1723 1004 1790 mihi
1026 1723 1159 1798 videtur
1180 1724 1216 1791 in
1239 1724 1388 1812 epitheto
1404 1725 1536 1810 poetico

174 1865 181 1880 .
256 1822 291 1886 in
314 1842 466 1888 sermone
491 1821 601 1889 soluto
624 1822 681 1889 vel
704 1821 886 1888 cottidiano
902 1822 970 1888 iam
993 1841 1062 1888 non
1084 1823 1266 1889 usitato-
1287 1821 1537 1909 tuitqnaedam

256 1940 323 1986 vox
337 1922 536 2005 μεταμώλιος
551 1942 611 1987 scu
627 1923 827 2005 μεταμώνιος
848 1920 996 1986 incertae
1013 1937 1119 2007 usque
1136 1919 1246 1985 adhuc
1262 1919 1405 2003 originis
1432 1920 1536 2004 signi-

253 2017 410 2084 ficatione
441 2019 616 2084 inanitatis
647 2021 683 2084 et
712 2019 875 2084 vanitatis
906 2017 1036 2104 propria
1065 2019 1254 2100 instructa,¹
1271 2038 1372 2103 quam
1404 2017 1537 2104 antiqui

255 2135 331 2180 oum
351 2120 485 2202 propter
504 2136 662 2182 sonorum
682 2115 933 2181 similitudinem
953 2137 972 2182 e
990 2117 1068 2200 μενά
1089 2117 1125 2180 οῖ
1145 2118 1262 2199 ἄνεμος
1281 2113 1448 2180 coaluisse
1471 2115 1538 2181 rati

256 2233 314 2299 per
336 2212 567 2298 metaphoram
598 2212 793 2279 sollemnem
814 2211 941 2278 factam
970 2233 1044 2278 esse
1068 2217 1252 2296 censerent,
1283 2212 1352 2278 iam
1375 2214 1535 2296 genuina,

253 2331 357 2397 quam
375 2310 608 2396 opinabantur,
632 2311 668 2375 vi
682 2311 841 2376 restituta
856 2309 1062 2376 adhibebant
1084 2311 1196 2391 etiam,
1221 2311 1319 2375 sicuti
1335 2309 1535 2394 Simonides,

254 2407 301 2474 ad
328 2429 378 2490 ea,
411 2429 497 2493 quae
528 2415 667 2474 ventum
699 2409 874 2493 sequentia
896 2400 954 2493 per
984 2427 1101 2474 auram
1131 2406 1297 2490 feruntur,
1331 2406 1535 2474 denotanda.

256 2505 489 2591 Aristophanis
513 2504 646 2591 quidem
668 2504 876 2591 temporibus
900 2508 988 2570 certe
1011 2503 1173 2572 nonnulla
1197 2504 1374 2571 Homerica
1397 2503 1536 2572 Graecis

253 2602 392 2668 iamiam
415 2603 606 2669 obscuriora
637 2623 711 2669 esse
734 2604 809 2669 visa
840 2605 942 2690 atque
970 2602 1225 2689 explicationem
1249 2601 1458 2670 desiderasse
1482 2603 1537 2672 vel

257 2721 300 2766 ex
314 2701 480 2788 Aristopb.
503 2699 540 2765 fr.
557 2700 623 2766 222
647 2702 799 2787 apertum
819 2700 870 2785 fit,
895 2700 953 2766 ubi
969 2699 1129 2787 quidnam
1147 2701 1337 2784 significent
1351 2701 1536 2768 nonnullae

254 2801 395 2882 γλῶσσαι
410 2797 605 2888 Homericae
625 2803 722 2884 pater
737 2800 867 2885 quaerit
890 2797 1003 2865 ofilio.
1042 2798 1114 2879 Quo
1137 2797 1268 2864 facilius
1291 2799 1361 2864 fieri
1383 2801 1536 2885 potuisse

255 2895 478 2980 intellegetur,
503 2899 542 2962 ut
557 2897 720 2963 eiusmodi
741 2917 867 2963 errores
884 2895 1062 2962 Simonidis
1078 2897 1191 2962 aetate
1215 2897 1318 2961 etiam
1333 2897 1537 2983 irrepserint.

253 2993 479 3060 (tonsorantur
501 2998 616 3060 autem
639 3015 689 3078 ea,
714 3017 801 3082 quae
825 2993 865 3060 de
890 3015 971 3060 voce
993 2997 1119 3079 ἥδυμος
1143 3014 1244 3079 supra
1267 2994 1413 3061 diximus
1435 3015 1466 3080 p.
1484 2995 1536 3060 28.

364 3094 479 3175 γεύω.
513 3091 551 3156 fr.
567 3091 813 3176 46,1ἁΜοῖσα
831 3143 837 3158 .
854 3147 861 3160 .
878 3094 938 3158 οὐκ
955 3143 961 3156 .
979 3142 985 3158 .
1002 3095 1084 3176 yades
1105 3093 1141 3157 ιδ
1163 3093 1268 3174 παρὸν
1290 3093 1400 3176 μόνον.
1439 3092 1536 3160 Aeti-
1619 3109 1620 3152 l

255 3209 337 3256 vum
360 3193 439 3256 ante
463 3188 667 3255 Simonidem
689 3209 757 3256 non
780 3189 955 3274 traditum3
978 3189 1144 3256 omittitur
1166 3193 1280 3256 autem
1303 3209 1457 3276 persona,
1483 3190 1537 3256 cui
1619 3191 1620 3194 ’

253 3286 382 3374 aliquid
397 3287 601 3370 gustandum
621 3286 729 3371 datur,
755 3288 840 3354 sicut
860 3308 911 3373 ap.
926 3281 1083 3354 Herodot.
1099 3286 1169 3372 VH,
1178 3287 1222 3353 46
1238 3290 1257 3353 ὁ
1274 3289 1309 3352 δὲ
1323 3287 1402 3360 θεὸς
1417 3289 1536 3371 γλυκὺν

253 3387 370 3470 γεύσας
391 3387 445 3450 τὸν
468 3389 569 3450 αἰῶνα
592 3387 755 3470 φθονερὸς
785 3388 818 3451 ἐν
842 3388 929 3469 αὐτῷ
957 3388 1130 3470 εὑρίσκωσι
1153 3389 1228 3470 ἐών;
1259 3405 1355 3471 porro
1387 3385 1536 3451 medium

256 3503 362 3567 genus
385 3483 551 3549 translate
581 3483 650 3548 iam
681 3482 770 3570 apud
792 3483 974 3550 Homerum
1004 3483 1040 3549 in
1070 3504 1135 3549 usu
1165 3486 1227 3566 est,
1259 3483 1342 3548 item
1365 3503 1417 3569 ap.
1441 3482 1535 3550 Pind.

252 3581 368 3647 Isthm.
386 3578 425 3663 V,
435 3581 479 3646 20
501 3583 536 3646 τδ
560 3582 592 3647 δ’
607 3581 685 3665 ἐμὸν
702 3631 708 3646 .
726 3583 851 3666 ..κέαρ
874 3584 986 3665 ὕμνων
1009 3583 1129 3665 γεύεται
1152 3581 1243 3647 alioa

363 3680 512 3744 διώκω.
550 3677 589 3745 fr.
605 3678 689 3760 29,3
712 3681 881 3763 καμπύλον
903 3681 999 3763 μέλος
1019 3681 1160 3744 διώκων.
1205 3679 1383 3764 Improprie
1408 3677 1536 3748 dictum

253 3775 297 3842 de
320 3775 548 3859 saltatoribus,
581 3777 638 3863 qui
664 3778 777 3842 motus
808 3798 887 3842 suos
918 3776 1056 3843 carmini
1086 3779 1322 3862 attemperant,
1356 3797 1431 3842 cum
1463 3797 1535 3843 car·

253 3873 355 3940 <minis
370 3872 486 3939 modos
501 3874 613 3940 varios
628 3873 783 3940 saltando
796 3877 970 3961 tamquam
981 3875 1226 3960 persequuntur
1241 3877 1343 3959 atque
1360 3876 1534 3960 expetunt.
1619 3883 1620 3936 ἒ

256 3970 443 4058 Expetendi
466 3972 554 4038 hanc
583 3971 754 4038 notionem
777 3971 941 4038 habemus
965 3993 1015 4058 ap.
1039 3972 1135 4045 Hom.
1157 3971 1252 4054 Pus,
1285 3969 1449 4036 derebus
1473 3971 1533 4038 ab·

256 4069 390 4135 stractis
406 4068 531 4155 primus
555 4073 697 4155 usurpat
711 4068 878 4136 Hesiodus
898 4069 935 4135 fr.
952 4069 1017 4135 219
1041 4072 1161 4154 νήπιος,
1184 4070 1221 4140 ὅς
1242 4094 1287 4140 τις
1309 4070 1418 4152 ἕτοιμα
1432 4070 1534 4136 λιπὼν
1619 4091 1620 4098 ³

253 4169 404 4251 ἀνέτοιμα
429 4169 546 4243 διώκει,
569 4166 691 4254 quibus
715 4165 820 4233 addas
842 4165 935 4233 Pind.
959 4166 1007 4234 Ol.
1023 4165 1129 4252 IH,45
1152 4169 1191 4232 cll
1214 4192 1262 4231 νιν
1286 4167 1394 4242 διώξω
1418 4164 1475 4253 (sc.
1498 4168 1532 4232 ιδ

251 4265 383 4352 πόρσω)
405 4262 708 4352 Isthm.V1(V),71
733 4267 832 4350 μέτρα
862 4266 922 4350 μὲν
949 4267 1063 4349 γνώμᾳ
1087 4265 1217 4330 διώκων
1240 4262 1301 4330 VH
1309 4261 1442 4351 (Vl),40
1465 4266 1486 4330 ὅ
1506 4290 1532 4330 τι

363 4497 463 4565 ³⁰lclr.
488 4495 573 4551 etiam
605 4493 814 4566 ἀνεμοφόρηνοιε
844 4494 934 4566 Apoll.
960 4494 1045 4565 Soph.
1070 4494 1137 4548 Lex.
1161 4494 1242 4549 Hom.
1268 4510 1289 4549 s.
1308 4510 1335 4549 v.
1360 4492 1531 4564 μεταμώνιον,
1619 4473 1620 4506 ¹

252 4573 323 4648 potul
340 4577 444 4646 ἀνέμων
462 4573 617 4648 φιρόμινοιε
636 4576 725 4632 schol.
739 4576 776 4631 ad
793 4575 886 4646 Apoll.
904 4573 996 4628 Rhod.
1015 4574 1032 4629 l.
1046 4590 1070 4629 c.
