3272 5040
790 262 1014 328 ..16-

367 441 561 508 Infinitivue
585 462 660 508 cum
676 440 799 528 duplici
822 441 1001 526 negatione
1024 443 1070 526 μὴ
1088 444 1127 507 οὐ
1151 441 1349 508 coniunctus
1359 441 1402 528 ²⁸)
1428 462 1557 528 quam-

261 559 362 626 quem
377 539 414 604 in
428 559 530 626 prosa
553 540 702 606 oratione
722 538 800 607 inde
816 539 860 606 ab
875 537 1045 606 Herodoto
1062 560 1163 626 saepe
1179 540 1350 622 formatur,
1375 560 1558 626 nusquam

259 640 376 706 tamen
410 636 501 724 apud
533 636 654 724 lyricos
689 639 865 725 epicosque
900 636 1022 720 legitur
1064 639 1144 704 ante
1179 635 1357 703 Simonidis
1394 639 1557 704 aetatem

259 756 370 823 neque
393 733 483 823 apud
498 735 680 802 Pindarum
695 733 1006 823 Bacchylidemque‚
1031 736 1165 821 saepius
1188 739 1304 801 tamen
1327 733 1420 821 apud
1436 736 1555 802 sceni-

260 855 332 917 cos;
354 833 510 901 videlicet
533 855 555 899 a
577 836 753 920 poctarum
776 832 921 899 dictione
944 835 1086 919 primum
1111 832 1245 919 quidem
1268 831 1400 899 alienus
1425 831 1555 899 deinde

260 932 435 1000 esolutae
467 932 627 998 orationis
659 930 902 998 consuetudine
933 953 954 997 a
984 931 1092 1016 poetis
1123 934 1277 1017 receptus
1309 933 1371 1015 est,
1406 929 1466 997 cfr.
1500 952 1555 1017 ap.

260 1029 338 1097 Sim.
355 1030 439 1116 5,10
461 1032 565 1115 ἅνόρα
581 1032 610 1095 d’
628 1032 688 1095 οὐκ
712 1033 774 1095 ἔστι
796 1030 842 1114 μὴ
865 1031 904 1094 οὐ
927 1029 1030 1094 κακὸν
1046 1032 1188 1114 ἔμμεναι,
1212 1027 1302 1116 quod
1317 1027 1556 1112 fragmentum

259 1127 315 1195 vel
347 1129 420 1215 ipso
455 1129 654 1211 argumento
690 1127 825 1214 propius
865 1125 909 1192 ad
943 1147 1062 1213 prosae
1098 1125 1252 1192 dictionis
1292 1125 1556 1192 similitudinem

260 1224 397 1293 accedit.
442 1225 553 1292 Verbo
576 1225 675 1291 finito
700 1225 833 1311 quidem
857 1224 922 1290 hae
946 1223 1033 1290 duae
1056 1223 1246 1307 negationis
1269 1223 1457 1310 particulae
1483 1224 1557 1290 iam

260 1324 349 1410 apud
379 1325 561 1390 Homerum
600 1323 831 1406 adiunguntur
861 1321 1031 1388 nonnullis
1060 1321 1152 1405 lociS,
1193 1342 1211 1387 e
1243 1321 1365 1408 quibus
1400 1321 1559 1408 exempli

259 1422 369 1504 gratia
399 1421 571 1488 adferimus
594 1421 633 1484 K
643 1419 686 1486 39
712 1422 818 1495 δείδω,
848 1422 894 1504 μὴ
920 1423 958 1486 οὔ
989 1446 1033 1492 τις
1062 1445 1109 1486 τοι
1139 1421 1315 1504 ὑπόσχηται
1344 1420 1419 1485 τόδε
1444 1423 1557 1505 ἔργον.

258 1517 329 1586 Νοο
351 1520 462 1584 minus
486 1518 650 1584 usitatum
674 1520 727 1590 est
748 1517 893 1584 Homero
918 1521 978 1583 οὐκ
1002 1521 1082 1583 ἔστιν
1111 1538 1187 1583 oum
1211 1517 1350 1604 simplici
1373 1516 1557 1584 infinitivo

259 1636 391 1702 ponere.

752 1794 786 1862 d)
806 1795 847 1851 de
865 1796 1051 1862 participio.

365 1891 513 1958 Primum
536 1891 855 1978 apudSimonidem
880 1895 995 1958 exstat
1022 1893 1212 1980 exemplum
1234 1891 1419 1980 particulae
1444 1897 1557 1958 καίτοι

258 1990 433 2078 participio
465 1991 639 2077 appositae
671 1988 714 2055 ad
746 2011 883 2056 sensum
915 1990 1147 2058 concessivum
1177 1988 1396 2080 premendum
1419 1989 1488 2074 5,9
1516 1992 1556 2056 τὸ

258 2090 447 2154 Πιττάκειον
463 2139 469 2153 .
484 2139 490 2153 .
504 2140 511 2152 .
526 2091 627 2154 καίτοι
639 2095 743 2172 σοφοῦ
755 2089 843 2172 παρὰ
856 2090 966 2173 φωτὸς
978 2093 1153 2174 εἰρημένον.
1186 2087 1280 2171 Quod
1293 2086 1382 2174 apud
1397 2089 1554 2154 recenti-

259 2187 325 2253 oris
338 2187 472 2252 demum
488 2186 612 2252 aetatis
625 2186 802 2272 scriptores
814 2187 921 2268 magis
933 2188 968 2251 in
980 2208 1080 2252 usum
1092 2187 1241 2271 venite),
1257 2185 1361 2252 semel
1372 2185 1555 2252 invenitur

259 2283 349 2370 apud
365 2285 515 2349 oratores
531 2284 661 2349 Atticos
676 2283 753 2370 Lys.
771 2304 816 2350 or.
832 2283 872 2348 31
891 2281 912 2371 ξ
928 2283 979 2348 34.
1005 2283 1147 2350 Omnino
1165 2287 1280 2351 autem
1295 2284 1395 2349 huius
1411 2284 1553 2367 generis

258 2380 443 2468 particulae
468 2380 558 2467 apud
581 2381 691 2468 epicos
714 2379 862 2447 nondum
888 2380 1093 2464 coaluerunt,
1128 2381 1222 2449 nulla
1243 2403 1326 2448 voce
1350 2382 1552 2448 intermissa

257 2477 381 2562 legitur
396 2482 452 2544 καί
463 2505 511 2544 τοι
526 2499 694 2566 nusquam
710 2479 776 2544 nisi
790 2480 830 2543 N
841 2479 962 2561 267³⁰)‚
979 2482 1036 2544 καί
1048 2505 1108 2564 περ
1124 2506 1144 2565 η
1158 2479 1224 2545 224
1247 2479 1459 2562 HesThecg.
1469 2480 1550 2546 533.

259 2575 365 2642 Simili
387 2575 500 2660 modo,
532 2578 573 2642 ut
595 2578 658 2643 hoo
681 2577 798 2643 statim
824 2597 1133 2663 commemoremus,
1166 2581 1308 2662 ἐπείπερ,
1339 2577 1430 2664 quod
1453 2581 1550 2664 apud

257 2677 377 2761 poetas
409 2675 551 2761 primum
582 2678 697 2741 exstat
732 2675 767 2740 in
799 2673 977 2740 Simonidis
1005 2674 1100 2759 frgm.
1116 2675 1202 2759 lau
1234 2679 1269 2742 et
1303 2674 1421 2742 deinde
1453 2675 1549 2762 apud

258 2772 404 2856 tragicos
428 2773 563 2839 demum
584 2773 620 2838 in
644 2794 708 2839 usu
733 2775 785 2838 est
808 2776 927 2858 poetas
951 2776 986 2839 et
1009 2773 1098 2860 apud
1121 2795 1240 2860 prosae
1257 2772 1416 2839 orationis
1441 2774 1549 2859 scrip-

257 2872 358 2955 toreS‚
383 2869 472 2957 apud
493 2873 602 2958 epicos
618 2871 767 2937 nondum
784 2871 820 2935 in
841 2891 946 2935 unum
961 2870 1164 2938 vocabulum
1180 2871 1356 2955 concrevit,
1375 2870 1430 2937 cfr.
1447 2869 1549 2938 Hom.

257 2969 298 3032 N
307 2967 374 3034 447
397 2995 417 3034 v
437 2968 498 3034 181
527 2971 594 3035 ἐπεὶ
624 2972 662 3036 σύ
690 2995 759 3054 περ,
790 2968 848 3034 ubi
870 2970 931 3053 πὲρ
962 2969 1005 3035 ad
1029 2968 1095 3037 duo
1128 2991 1178 3055 ea,
1211 2991 1297 3056 quae
1328 2969 1548 3053 antecedunt,

257 3064 424 3132 vocabula
446 3065 579 3133 videtur
601 3068 777 3154 pertinere.

680 3315 711 3381 t.
735 3315 779 3383 de
802 3315 1126 3386 coniunctionibus.

367 3439 417 3505 Ac
439 3439 581 3525 primum
612 3437 745 3526 quidem
767 3440 833 3506 hac
864 3439 983 3525 capitis
1006 3440 1042 3504 in
1071 3441 1166 3526 parte
1190 3460 1299 3526 pauca
1322 3442 1420 3506 crunt
1443 3461 1546 3527 prac-

258 3535 426 3603 monenda
449 3535 489 3603 de
513 3536 561 3602 eis
585 3537 888 3620 coniunctionibus,
920 3538 1042 3624 quibus
1065 3538 1153 3630 inter
1177 3558 1213 3603 se
1237 3536 1547 3622 adiunguntur

258 3634 363 3700 verba
386 3633 442 3700 vel
465 3634 652 3717 enuntiata,
678 3634 795 3701 deinde
821 3637 940 3718 agetur
963 3635 1004 3701 de
1029 3635 1260 3703 subiunctivis

367 3731 417 3798 De
446 3734 486 3798 τὲ
516 3732 681 3818 particula
712 3733 879 3819 epicorum
910 3754 1000 3800 more
1032 3732 1182 3800 adverbii
1212 3734 1321 3800 instar
1355 3736 1547 3822 pronomini

257 3829 399 3896 relativo
424 3830 579 3917 apposita
595 3831 671 3897 Sim.
688 3831 724 3898 ir.
742 3833 806 3914 ῦ,7
831 3830 1074 3918 supradictum
1096 3834 1157 3912 est,
1183 3830 1223 3896 de
1238 3835 1295 3897 καί
1308 3833 1545 3900 coniunctione

257 3928 293 3994 in
312 3926 451 4013 apodosi
468 3930 658 3995 sententiae
669 3929 908 4016 hypotheticae
920 3929 1032 4016 posita
1047 3929 1100 4014 37,
1118 3927 1159 3994 14
1175 3928 1264 3994 infra
1281 3929 1344 3995 erit
1356 3929 1543 3998 dicendum.

367 4025 469 4112 Epica
491 4025 656 4113 particula
679 4029 754 4111 ἠδέ
777 4027 919 4113 denique
944 4047 1010 4092 uno
1035 4026 1107 4116 loco
1130 4027 1303 4093 invenitur
1325 4027 1416 4114 apud
1431 4027 1542 4094 Simo-

257 4122 371 4189 nidem
395 4123 483 4208 53‚4
507 4124 654 4208 Ὅμηρος
677 4127 734 4209 ἠδὲ
757 4127 964 4210 Στασίχορος,
996 4126 1142 4190 ceterum
1168 4123 1258 4210 apud
1280 4124 1400 4212 lyricos
1423 4129 1543 4212 poetes

368 4327 399 4396 ¹⁸)
420 4327 475 4381 vid.
495 4328 581 4382 etiam
600 4327 631 4382 p,
650 4326 774 4382 Birldein
792 4326 810 4382 l.
823 4344 846 4382 c.
865 4345 893 4398 p.
908 4329 941 4383 le
959 4331 989 4383 ct
1006 4326 1043 4382 49
1052 4345 1114 4400 sqq.

367 4407 399 4476 ²⁰>
418 4407 468 4462 cir.
488 4408 672 4473 llervrerden.¹
692 4407 820 4478 Append.
839 4409 892 4464 lex.
912 4408 958 4464 Gr.
977 4408 1067 4478 suppl.
1093 4424 1120 4478 p.
1139 4407 1234 4464 2491.
1253 4426 1279 4464 v.
1298 4409 1386 4461 καίτοι
1409 4412 1439 4464 et
1462 4410 1540 4466 Ka.

258 4485 329 4554 11⁸‚2
347 4484 366 4558 ξ
384 4486 475 4551 486,4
491 4490 589 4542 annot.
607 4488 627 4542 8
644 4504 671 4557 p.
690 4488 735 4542 85.

367 4563 399 4635 ³⁰)
417 4565 467 4621 eir.
480 4567 561 4622 ΚΛ).
579 4567 648 4633 11³,2
667 4566 686 4639 ξ
704 4567 819 4634 ῗο6,7ο
836 4585 862 4640 p.
878 4567 927 4623 151
948 4571 995 4635 „N
1000 4567 1053 4622 267
1069 4569 1163 4638 9ὠόνί
1180 4567 1229 4621 καί
1243 4593 1279 4614 =
1291 4570 1378 4636 ,aroeh‘
1396 4587 1431 4626 eu
1449 4567 1538 4637 epora
