3272 5040
777 267 997 356 ..40-

247 445 348 526 lama,
380 446 507 512 autad
531 465 677 526 sensum,
703 467 768 532 quo
792 445 958 528 audimus,
990 445 1063 511 sive
1087 443 1130 511 ed
1154 465 1260 510 aures.
1307 442 1362 509 Sic
1384 443 1529 531 primum

247 546 431 631 usurpatur
453 565 504 630 ep.
521 541 643 630 Sapph.
667 543 802 626 11.2,12
827 545 1042 627 ἐπιῤῥόμβειοι
1066 545 1099 608 d'
1114 545 1230 608 ἄκουσι
1246 541 1413 628 (Catullus
1439 543 1529 624 „tin-

247 642 387 708 tinnant
409 641 542 728 aures“)
567 645 602 706 et
625 641 716 726 apud
740 639 943 707 Simonidem
965 641 986 706 l.
1003 661 1028 708 c.
1075 639 1102 704 u
1124 639 1260 722 tragicis
1287 643 1425 726 praesto
1450 642 1530 705 sunt

248 737 402 828 exempla
425 760 467 805 ex
482 737 591 826 Eurip.
608 737 676 826 Ipln
692 737 727 804 Τ.
747 737 832 805 1490
856 741 968 822 φήμην
984 739 1274 822 ἀκοαῖσι-δέδεγμαι
1302 736 1428 803 Phoen.
1443 737 1530 803 1480

247 841 291 910 εἰς
315 839 416 910 ἀκοὰς
431 891 437 905 .
454 891 461 905 .
477 840 555 922 ἥκει,
588 840 690 923 atque
722 835 899 919 singularis
930 855 1090 902 numerus
1123 835 1240 900 eodem
1268 856 1372 901 sensu
1394 837 1531 922 ponitur

247 934 401 1023 Aeschyl.
414 935 520 1001 Prom.
533 935 598 1001 689
634 932 783 1020 Sophocl.
799 932 882 999 Phil.
898 933 999 1016 14123
1022 953 1084 1000 nec
1106 953 1185 1000 vero
1209 954 1231 998 a
1253 953 1354 1019 prosa
1378 935 1530 999 oratione

248 1033 333 1100 haec
355 1033 561 1100 substantivi
583 1032 676 1098 notio
701 1034 754 1098 est
777 1031 896 1098 aliena.

354 1133 521 1196 ἀλάθεια.
555 1129 594 1200 fr.
609 1129 653 1196 76
676 1130 711 1195 τὸ
728 1131 834 1196 δοκεῖν
855 1131 910 1194 καὶ
924 1131 980 1194 τὰν
1000 1131 1152 1194 ἀλάθειαν
1166 1132 1276 1212 βιᾶται.
1311 1128 1421 1194 Huius
1437 1129 1530 1194 vocis

248 1249 331 1295 usus
355 1227 444 1315 apud
475 1227 585 1314 epicos
617 1226 866 1311 angustioribus
888 1226 1011 1292 finibus
1044 1226 1310 1312 circumscriptus
1335 1229 1388 1292 est
1418 1223 1456 1291 in
1481 1248 1529 1310 eo,

248 1323 338 1414 quod
360 1325 575 1392 accusativus
599 1346 698 1391 casus
721 1323 955 1391 tantummodo
983 1323 1155 1390 invenitur
1184 1325 1279 1411 isque
1303 1324 1415 1390 verbis
1440 1346 1530 1391 eom-

247 1422 396 1510 periendi
409 1422 465 1489 vel
482 1421 611 1489 dicendi
627 1422 826 1488 subiunctus
833 1422 888 1509 ²⁰);
913 1420 998 1487 alius
1023 1443 1121 1488 ocsus
1137 1422 1280 1508 primum
1301 1424 1426 1488 exstat>
1441 1422 1532 1508 apud

247 1521 359 1587 Aleae.
372 1522 415 1588 57
441 1519 550 1586 Solon.
562 1521 614 1604 10,
624 1521 655 1606 2,
673 1519 792 1586 deinde
809 1520 952 1606 saepius,
976 1518 1140 1586 Videlicet
1155 1522 1287 1604 ἀλήθεια
1304 1518 1395 1606 apud
1411 1523 1531 1606 poetas

249 1615 349 1706 epicis
373 1620 516 1685 minores
532 1619 601 1684 vim
618 1619 747 1705 aceepit
767 1618 874 1701 magis
890 1617 1080 1700 generalem
1103 1639 1164 1683 seu
1180 1638 1282 1704 quem
1303 1638 1368 1683 nos
1389 1616 1532 1685 dicimus

248 1716 463 1784 abstractam.

353 1817 554 1900 βλέφαρον.
592 1813 631 1881 ir.
647 1813 732 1896 58,4
754 1816 928 1899 βλεφάροις
946 1817 1076 1879 θνατῶν
1099 1817 1238 1885 ἔσοπτος.
1284 1811 1376 1899 Epiei
1399 1813 1531 1900 proprie

249 1912 365 1978 dicunt
387 1913 563 1998 palpebras
595 1911 680 1998 cilia,
705 1913 759 1978 cir.
783 1911 879 1978 Hom.
903 1911 1115 1978 13891212
1144 1912 1173 1976 Τ
1185 1912 1227 1978 17
1252 1911 1284 1976 Ω
1299 1910 1377 1994 637;
1410 1932 1531 1998 quem-

248 2031 350 2098 quam
381 2009 477 2076 multi
505 2011 568 2076 loci
598 2011 648 2076 ita
678 2013 759 2076 sunt
791 2011 984 2096 comparati,
1016 2012 1055 2074 ut
1077 2011 1207 2094 partem
1237 2029 1295 2094 pro
1325 2010 1400 2074 toto
1433 2009 1531 2076 oculo

247 2111 445 2195 usurpatam
468 2109 576 2194 possis
607 2107 797 2190 subaudire,
831 2107 886 2174 cir.
910 2107 1018 2172 P438
1042 2106 1143 2172 o114
1165 2106 1271 2172 0522
1295 2103 1370 2172 alib.
1394 2105 1530 2174 Hesiod.

250 2205 373 2288 Theog.
391 2203 476 2294 [910]
500 2205 538 2272 fr.
556 2205 682 2288 18814
705 2206 736 2270 h.
752 2204 849 2271 Mero.
866 2205 945 2289 2783
977 2204 1138 2272 audacius
1162 2203 1349 2270 Simonides
1373 2203 1393 2270 l.
1411 2225 1447 2290 c,
1474 2207 1532 2272 ubi

248 2303 329 2389 quin
361 2302 404 2369 ad
426 2304 518 2390 ipsos
542 2303 654 2370 oculos
687 2303 732 2368 sit
754 2303 957 2368 translatum
989 2302 1123 2367 minime
1152 2303 1205 2368 est
1228 2299 1379 2385 dubium;
1411 2303 1531 2369 eadem

248 2403 301 2466 est
323 2399 459 2467 licentia
482 2401 571 2487 apud
594 2401 794 2488 posteriores
817 2403 945 2486 poetas.

354 2501 506 2583 βρέφος.
544 2497 582 2565 ir.
607 2497 713 2582 37,15
736 2498 808 2564 εὗδε
831 2501 961 2583 βρέφος.
1006 2498 1171 2563 Homerus
1195 2497 1286 2563 solus
1303 2496 1383 2564 dicit
1398 2497 1531 2565 foetum

254 2596 363 2662 Ψ266
387 2600 483 2662 ἵππον
499 2647 528 2662 ..
549 2600 671 2682 βρέφος
693 2600 826 2681 ἡμίονον
853 2599 1020 2672 κυέουσαν,
1051 2616 1152 2682 quem
1182 2595 1226 2661 ud
1256 2593 1365 2662 locum
1398 2597 1531 2685 antiqui
1619 2623 1620 2656 1

247 2693 316 2759 iam
346 2697 554 2760 annotarunt
580 2695 780 2781 interpretes
810 2691 942 2783 βρέφος]
972 2697 1119 2766 ἐναντίως
1141 2697 1217 2778 ἡμῖν
1247 2694 1282 2758 τὸ
1311 2696 1463 2779 ἔμβρυον,
1494 2697 1529 2760 τὸ
1619 2677 1620 2760 i

249 2793 284 2857 δὲ
306 2794 417 2876 τεχθὲν
440 2796 597 2878 ἔμβρυον,
620 2793 716 2879 ponit
738 2793 827 2859 enim
842 2792 1006 2859 Homerus
1029 2791 1174 2858 invicem
1195 2795 1338 2877 ἔμβρυον
1353 2813 1411 2878 pro
1429 2792 1529 2880 pullis

248 2889 452 2955 laetentibus
476 2890 566 2956 1245
580 2941 586 2955 .
600 2890 665 2956 309
678 2941 685 2956 .
698 2889 763 2956 342
786 2893 840 2956 καὶ
863 2893 921 2956 ὑπ’
937 2893 1079 2975 ἔμβρυον
1101 2886 1178 2974 ἧκεν
1201 2892 1326 2975 ἑκάστῃ,
1343 2911 1412 2976 qua
1434 2891 1470 2956 in
1494 2911 1530 2956 re
1619 2937 1620 2960 1

248 2986 340 3054 haud
363 2989 474 3053 minus
502 2990 619 3054 eontra
642 2989 861 3076 posteriorum
883 2987 966 3054 facit
996 3009 1108 3071 usum3
1140 2985 1195 3053 cfr.
1220 2988 1323 3053 etiam
1346 2987 1461 3054 scholl.
1485 2988 1529 3054 ad

248 3083 348 3152 1245.
376 3085 552 3151 Homerica
574 3086 632 3152 illa
654 3086 747 3154 vocis
762 3090 885 3172 βρέφος
908 3085 1108 3168 significatio
1125 3083 1260 3151 videtur
1280 3107 1354 3152 esse
1370 3087 1527 3171 genuina,

249 3181 305 3248 cir.
330 3181 472 3267 cuatus,
507 3187 652 3253 Graecia.
683 3188 712 3252 d.
744 3208 790 3272 φν.
823 3185 948 3272 Ειμυυ.5
969 3204 999 3269 p.
1019 3183 1095 3266 478,
1120 3183 1154 3249 L.
1178 3182 1291 3270 Meyer
1313 3183 1333 3248 l.
1355 3206 1380 3250 c.
1406 3183 1469 3250 vol.
1485 3183 1529 3250 Ill

247 3301 278 3366 p.
298 3281 369 3346 122.
415 3280 569 3347 Ueterum
590 3285 714 3366 βρέφος
736 3285 918 3369 usurpatur
945 3302 1014 3347 non
1037 3281 1102 3347 nisi
1126 3279 1166 3346 de
1190 3280 1289 3367 pullis
1320 3281 1527 3366 animalium,

186 3427 188 3432 -
248 3376 356 3443 veluti
371 3399 422 3464 ap.
439 3378 658 3460 Herodotlll,
668 3381 739 3462 153,
755 3382 816 3445 eut
833 3378 873 3445 de
889 3379 1085 3462 infantibus
1102 3379 1189 3445 sicut
1204 3401 1256 3465 ap.
1267 3378 1360 3445 Pind.
1368 3379 1415 3448 Ol
1422 3379 1478 3464 VI,
1486 3379 1528 3446 33

248 3473 346 3562 Pyth.
362 3475 416 3559 ΙΧ,
427 3476 470 3541 62
493 3477 646 3565 Aeschyl.
670 3477 786 3560 Agam.
804 3476 890 3543 1096
915 3498 966 3563 ap.
990 3477 1099 3564 Eurip.
1123 3497 1291 3563 persaepe.

355 3577 460 3658 ἔρως.
491 3573 529 3639 fr.
546 3575 630 3659 23,2
646 3577 852 3660 εὐπρόσωποι
868 3630 874 3642 .
891 3630 898 3642 .
914 3578 1073 3659 παράιξαν
1089 3579 1212 3660 ἔρωτες.
1252 3574 1422 3660 Cupidinis
1437 3577 1527 3642 tem-

249 3691 350 3758 quam
373 3692 535 3757 personae
557 3673 700 3758 primum
724 3671 813 3758 apud
835 3675 953 3758 poetas
977 3671 1097 3760 lyricos
1120 3673 1244 3738 mentio
1275 3673 1317 3737 f't
1345 3671 1452 3739 veluti
1476 3695 1527 3760 ap.

248 3767 371 3856 Sapph.
394 3769 476 3853 40,1
502 3769 583 3853 42,1
610 3769 654 3838 74
687 3770 775 3857 Ibyc.
799 3771 857 3854 1,e
887 3772 945 3852 2,1
979 3769 1179 3853 Anaor.2,l
1214 3769 1294 3852 14,2
1321 3771 1403 3852 47,1
1438 3769 1527 3856 alibi,

248 3887 311 3932 neo
341 3869 457 3932 tamen
487 3865 528 3934 de
559 3867 782 3954 compluribus
807 3867 1024 3955 Cupidinibus
1057 3871 1137 3935 ante
1170 3867 1348 3941 Simonidis
1379 3870 1529 3938 aetatem

247 3963 315 4030 ullo
339 3963 411 4030 loco
436 3963 526 4052 apud
541 3968 659 4052 poetas
682 3987 737 4032 res
761 3969 826 4050 est;
849 3965 993 4033 Pindaro
1017 3965 1150 4053 quidem
1173 3967 1264 4032 vocis
1288 3970 1372 4051 ἔρως
1393 3966 1430 4032 in
1452 3967 1528 4032 uni-

248 4083 383 4128 versum
397 4061 534 4148 pluralis
559 4067 612 4129 est
634 4063 824 4130 sollemnior
839 4086 940 4151 quam
961 4064 1147 4147 singularis,
1172 4063 1228 4129 illo
1252 4067 1366 4130 autem
1390 4085 1528 4131 numero

248 4157 292 4224 ad
315 4160 438 4226 amoris
461 4161 654 4247 voluptates
677 4161 733 4226 vel
756 4163 890 4228 omnino
914 4163 958 4228 ad
973 4162 1146 4228 hominum
1170 4160 1282 4227 studia
1305 4161 1350 4248 ac]
1366 4160 1528 4227 desideria

249 4255 470 4340 significanda
499 4259 605 4324 utitur
636 4259 770 4345 saepius
794 4281 897 4348 quam
928 4260 972 4327 ad
1002 4260 1188 4346 Cupidines
1220 4258 1277 4326 cfr.
1300 4259 1394 4325 Nem.
1417 4259 1470 4345 ΠΙ,
1485 4261 1527 4326 30

247 4353 356 4436 ΧΙ,48
379 4353 535 4440 11.123,1
564 4356 680 4441 128,1;
712 4379 780 4444 qua
804 4380 822 4424 e
853 4358 1097 4444 significatione
1129 4357 1345 4443 complurium
1368 4358 1526 4424 Amorum

248 4491 461 4502 -——-.-

354 4559 386 4630 ²⁰)
406 4561 523 4632 excepto
543 4576 599 4615 uno
619 4561 682 4616 loco
701 4559 765 4616 Hes.
786 4562 856 4632 Opp.
875 4561 937 4626 768,
956 4561 1005 4616 ubi
1024 4561 1109 4615 etiam
1130 4578 1156 4616 v.
1176 4560 1240 4616 lect.
1258 4557 1378 4632 ἀληθείῃ.
1482 4553 1483 4557 ’
