3272 5040
790 223 1123 327 -4ε-’

263 435 353 523 apud
377 436 579 504 Simonidem
610 436 631 502 1.
648 457 684 520 ε,
716 436 821 504 adiero
852 439 968 504 tamen
995 435 1160 523 Euripidis
1191 436 1346 521 evanuit3
1376 436 1426 503 ibi
1456 438 1546 504 enim

262 537 362 620 μέρος
383 535 493 602 locum
524 535 656 602 obtinet
685 535 778 601 vocis
807 543 915 620 μοῖρα,
948 556 1048 621 quam
1071 535 1149 602 inde
1180 535 1224 602 ab
1247 535 1393 602 Homero
1426 555 1545 620 saepe-

262 652 403 699 numero
427 633 616 720 appositam
637 632 781 718 legimus
804 631 848 698 ad
870 635 1009 706 θάνατος
1031 653 1090 719 ρετ
1108 633 1349 720 pleonasmum‚
1375 631 1432 700 eir.
1448 633 1546 699 Hom
1616 693 1617 704 ,

262 729 868 816 p100723893261145a135
905 729 1018 796 Gallio.
1037 731 1118 813 1,15
1141 729 1317 816 ,Τγ107,2
1352 729 1546 813 Mimn.6‚2

264 827 374 895 Solon.
398 827 484 911 20,4
511 829 564 908 27,
578 828 619 893 18
665 828 811 910 Theogn.
835 829 902 894 820
944 827 1097 917 Aesohyl.
1120 827 1209 894 Pers.
1233 827 1299 895 917
1322 828 1439 911 Agam.
1460 827 1546 894 1462

262 923 372 1012 uunp.
399 925 484 992 Med.
512 925 593 1010 987;
632 929 734 1012 atque
765 926 918 992 imitatus
951 928 1004 991 esi
1033 925 1121 992 hano
1150 925 1353 992 locutionem
1385 923 1545 992 Simonid

263 1023 299 1092 ir.
316 1023 399 1108 5,16
414 1031 531 1109 μοῖραν
546 1027 670 1096 αἰῶνος.
701 1025 816 1107 Μέρος
838 1021 921 1088 illud
936 1023 1026 1110 quod
1048 1022 1120 1090 looo
1144 1044 1246 1109 supra
1261 1022 1365 1090 allato
1382 1022 1548 1090 Simonidi

264 1120 498 1190 abiudicarunt
519 1121 695 1205 Pflugkius
719 1119 995 1187 Schneidewinus
1018 1121 1237 1204 Hartungius,
1261 1141 1436 1207 perperam
1458 1119 1546 1187 feee-
1617 1149 1618 1170 υ

263 1221 355 1303 runi3
377 1239 456 1285 nam
480 1219 566 1286 bene
589 1218 674 1284 haeo
704 1219 893 1285 sententiae
918 1221 1086 1285 structura
1109 1219 1268 1285 convenit
1291 1217 1446 1304 poeticae
1471 1239 1546 1284 ora·

262 1317 357 1400 doni,
389 1315 541 1384 conferas
572 1317 661 1383 enim
685 1315 836 1402 Sophoel.
852 1314 970 1384 Eleoir.
989 1316 1073 1383 1135
1096 1319 1220 1402 τύμβου
1250 1317 1403 1400 πατρῴου
1435 1318 1547 1383 κοινὸν

264 1416 397 1500 εἰληχὼς
418 1418 518 1499 μέρος
540 1413 652 1497 Antig.
668 1413 734 1480 918
757 1417 862 1498 γάμου
885 1417 985 1499 μέρος
1006 1417 1173 1498 λαχοῦσαν.

374 1514 485 1596 τύχα.
531 1511 649 1594 fr.4‚2
681 1513 811 1595 εὐκλεὴς
833 1513 893 1596 μὲν
923 1515 944 1576 ἁ
973 1514 1061 1596 τύχα.
1108 1511 1180 1577 Vid.
1203 1512 1348 1578 Pausau.
1371 1510 1428 1594 Ν,
1443 1511 1543 1595 30,4;

263 1616 391 1694 πρῶτος
414 1612 458 1686 δέ,
482 1609 529 1677 ῶν
552 1611 633 1685 οῖδα,
657 1613 825 1694 ἐποιήσατο
849 1612 882 1675 ἐν
904 1617 969 1682 τοῖς
992 1613 1094 1676 ἔντεσιν
1109 1610 1255 1694 Ὄμηρος
1277 1611 1382 1694 Τύχης
1403 1613 1545 1694 μνήμην.

264 1710 432 1793 ἐποιήσατο
464 1710 499 1774 δὲ
529 1711 563 1774 ἐν
592 1711 686 1792 ὕμνῳ
715 1715 762 1790 τῷ
792 1710 824 1779 ἒς
850 1709 906 1791 τὴν
929 1708 1082 1792 Δήμητρα
1113 1710 1208 1779 ἄλλος
1237 1733 1269 1772 τε
1298 1714 1363 1772 τῶν
1389 1707 1546 1772 Ὠκεανοῦ

263 1807 441 1890 θυγατέρας
462 1808 770 1890 καταριθμούμενος,
794 1807 841 1877 ῶς
863 1807 947 1889 ὁμοῦ
962 1805 1055 1890 Κόρη
1071 1813 1109 1890 τῇ
1125 1808 1293 1889 Δήμητρος
1314 1808 1467 1880 παίζοιεν,
1490 1807 1545 1870 καὶ

267 1905 372 1989 Τύχην
395 1907 442 1976 ῶς
464 1904 618 1992 Ὠκεανοῦ
645 1905 700 1969 καί
721 1905 836 1988 ταύτην
858 1904 956 1969 παῖδα
980 1903 1087 1969 οὖσαν.
1117 1905 1171 1968 καὶ
1194 1905 1297 1975 οὕτως
1319 1905 1383 1987 ἔχει
1405 1904 1445 1970 τὰ
1476 1906 1545 1987 ἔπη.

372 2002 482 2086 Ἡμεῖς
503 2004 562 2087 μὲν
584 2005 670 2087 μάλα
693 2009 791 2068 πᾶσαι
814 2004 865 2067 ἀν’
893 2002 1019 2086 ἱμερτὸν
1041 2003 1190 2086 λειμῶνα,

374 2101 543 2184 Λευκίππη
571 2102 681 2166 Φαινώ
703 2125 735 2164 τε
757 2101 811 2164 καὶ
831 2099 984 2182 Ἠλέκτρη
1007 2100 1062 2164 καὶ
1080 2099 1189 2183 Ἰάνύη

375 2199 563 2282 Μηλόβοσίς
584 2224 616 2262 τε
641 2199 726 2281 Τύχη
750 2223 782 2261 τε
804 2199 858 2262 καί
873 2197 1017 2281 Ὠκυρόη
1040 2198 1225 2268 καλυκῶπις

266 2315 351 2382 quae
374 2294 480 2360 verba
509 2293 665 2376 leguntur
694 2295 730 2358 in
757 2293 882 2380 hymno
907 2293 1032 2360 Cereris
1055 2315 1086 2359 v.
1110 2293 1176 2360 419
1187 2315 1256 2380 sqq.
1302 2292 1404 2359 Porro
1427 2292 1543 2359 Ioann

264 2391 419 2458 Laurent.
442 2388 557 2478 Lydus
581 2389 621 2456 de
644 2390 782 2456 mensib.
806 2391 906 2473 lui:
938 2393 983 2458 ὅτι
1011 2394 1158 2476 οὐδαμοῦ
1185 2399 1318 2476 ταύτης
1343 2392 1450 2476 Τύχης
1473 2393 1545 2457 ὀνδ-
1620 2411 1621 2432 ¹

264 2514 365 2574 ματος
382 2489 529 2574 Ὅμηρος
550 2491 714 2573 μέμνηται,
731 2488 886 2561 Ἡσίοδος
907 2493 1026 2574 μέντοι,
1058 2488 1147 2576 quod
1179 2488 1219 2555 de
1242 2487 1386 2555 Homero
1411 2487 1546 2574 quidem

266 2586 391 2658 dietum
414 2588 442 2653 si
465 2587 509 2653 ad
531 2586 668 2652 Iliadem
699 2588 733 2651 at
757 2583 943 2672 Odysseam
965 2587 1115 2672 refertur,
1150 2607 1172 2652 a
1194 2591 1286 2653 reeta
1311 2588 1444 2652 ratione
1477 2607 1545 2652 non

266 2685 409 2770 aberrat,
426 2684 563 2751 Hesiodi
578 2686 694 2750 autem
710 2705 845 2750 versum
860 2685 1022 2771 respicere
1038 2685 1170 2752 videtur
1186 2683 1308 2768 Theog.
1322 2684 1387 2750 300
1399 2685 1545 2769 Εῦδώρη

264 2808 297 2848 τε
329 2783 414 2867 Τύχη
446 2808 478 2848 τε
507 2784 562 2847 καὶ
586 2783 736 2866 Ἀμφιρὼ
763 2782 904 2866 Ὠκυρόη
935 2809 975 2848 τε.
1026 2781 1087 2848 His
1110 2781 1241 2848 duobus
1272 2782 1353 2848 locis
1384 2780 1494 2848 addas
1527 2803 1545 2848 ο

265 2880 448 2946 minoribus
470 2879 605 2968 hymnis
623 2879 695 2963 Χ,5
720 2881 775 2952 δὸς
800 2882 832 2945 δ’
852 2883 933 2964 ἄμμι
955 2882 1053 2965 τύχην
1076 2882 1279 2965 εὐδαιμονίην
1301 2906 1341 2945 τε.
1388 2878 1546 2946 Ceterum

266 2980 346 3045 anie
382 2977 559 3043 Simonidis
593 2980 746 3064 tempora
779 2998 854 3043 raro
891 2977 1030 3043 occurrit
1064 2976 1154 3064 apud
1185 2976 1315 3064 lyricos,
1352 2976 1408 3043 oir.
1433 2975 1546 3042 Solon.

265 3076 302 3142 ir.
318 3075 402 3158 31,2
432 3073 551 3140 Arohil.
566 3074 605 3142 fr.
622 3075 664 3141 16
692 3079 871 3162 uirumque
905 3073 1056 3159 dubium3
1091 3072 1209 3142 deinde
1241 3096 1292 3160 ap.
1316 3073 1463 3157 Theogn.
1483 3074 1546 3140 130

267 3174 453 3260 (praeterea
465 3171 596 3238 Semon.
608 3175 681 3238 Am,
687 3174 718 3255 7,
725 3173 768 3238 83
781 3175 906 3256 εὐτυχεῖ
915 3171 1085 3256 (verbum),
1098 3173 1208 3240 Solon.
1217 3172 1315 3253 13,70
1326 3172 1474 3255 Theogn.
1480 3172 1547 3239 590

266 3273 441 3356 συντυχίην,
473 3269 617 3353 Theogn.
634 3270 719 3336 1188
743 3269 926 3356 δυοτυχίην)
957 3271 1157 3357 saepiusque
1185 3268 1275 3357 apud
1297 3269 1482 3336 Pindarum
1513 3273 1548 3336 ei

265 3367 514 3455 Bacchylidem
545 3367 705 3453 imprimis
728 3389 807 3434 vero
841 3369 1004 3435 adamant
1025 3388 1143 3434 vocem
1165 3368 1296 3452 tragion
1326 3368 1361 3432 in
1393 3367 1547 3434 oratione

266 3466 412 3553 pedestri
441 3466 518 3532 inde
554 3465 597 3532 ab
624 3465 792 3532 Herodoto
825 3466 954 3551 legitur,
991 3465 1121 3532 videtur
1152 3467 1267 3532 tamen
1299 3463 1389 3552 apud
1411 3465 1546 3532 Atticos

267 3565 401 3631 demum
423 3564 530 3648 magis
553 3565 588 3629 in
612 3585 710 3629 usum
733 3564 876 3630 venisse.

373 3664 517 3735 ἀέναος.
540 3661 942 3744 inhumanissime
971 3662 1091 3746 11.57,2
1107 3664 1232 3734 ἀενάοις
1246 3669 1441 3745 ποταμοῖσιν.
1472 3661 1546 3727 Ηο-

266 3761 348 3826 meri
371 3762 424 3826 est
445 3761 580 3845 ἀενάων,
604 3759 669 3826 vid.
693 3758 788 3825 ν109
811 3762 903 3825 ὕδατ’
922 3761 1083 3842 ἀενάοντα,
1106 3758 1244 3826 Hesiodi
1267 3761 1302 3824 ei
1325 3757 1443 3824 eadem
1466 3755 1544 3843 ¹vox,

267 3858 320 3924 uir.
334 3856 414 3943 Opp.
426 3857 492 3923 550
507 3864 661 3941 ποταμῶν
676 3860 740 3923 ἄπο
757 3860 956 3940 αἰεναόντων,
973 3860 1008 3923 at
1022 3861 1156 3940 αἰέναος,
1173 3856 1229 3923 cfr.
1246 3855 1326 3943 Opp.
1342 3856 1407 3922 595
1423 3860 1547 3942 κρήνης

266 3961 293 4021 τ’
311 3958 439 4021 αἰενάου
464 3955 530 4022 737
542 3957 678 4020 αἰενάων
700 3962 863 4040 ποταμῶν.
901 3955 1030 4041 Ubique
1054 3958 1089 4020 ei
1108 3954 1172 4020 hoo
1195 3957 1230 4021 ai
1252 3952 1334 4019 illud
1357 3954 1545 4039 epithetum

266 4054 398 4141 propria
431 4055 613 4139 usurpatur
645 4052 795 4135 notione,
830 4073 917 4139 quae
952 4055 1006 4118 est
1041 4055 1221 4138 „perpetuo
1256 4053 1421 4117 manans“
1458 4053 1546 4118 siout

268 4151 371 4218 etiam
405 4171 456 4236 ap.
481 4148 637 4216 Simonid.
660 4149 698 4216 ir.
722 4151 775 4234 57,
789 4153 818 4215 2.
872 4151 1002 4216 Primus
1040 4170 1119 4216 vero
1155 4171 1173 4215 e
1211 4150 1319 4236 poetis
1358 4147 1545 4216 Simonides

266 4248 435 4314 translata
449 4247 483 4312 vi
498 4247 593 4334 ponit
607 4245 645 4313 fr.
661 4248 722 4329 4,9
739 4250 854 4314 ἀέναόν
868 4274 900 4313 τε
916 4251 1009 4320 κλέος
1023 4247 1043 4312 1.
1057 4269 1083 4313 e.
1098 4248 1356 4333 „sempiternam
1372 4245 1543 4331 gloriam“,

267 4367 376 4433 neque
391 4367 533 4432 usquam
551 4344 648 4411 aliter
659 4344 833 4431 Pindarus,
858 4345 923 4411 vid.
940 4345 988 4413 01.
1003 4344 1090 4429 XIV,
1103 4345 1140 4410 11
1166 4345 1263 4432 Pytn.
1279 4343 1336 4429 Ι,6
1351 4343 1445 4411 Nem.
1458 4345 1544 4430 ΧΙ,8

266 4443 445 4529 fr.119,·4;
491 4445 573 4510 scite
609 4443 790 4510 scholiasta
824 4447 967 4510 annotat
1001 4443 1045 4509 ad
1075 4442 1123 4508 01.
1143 4441 1230 4525 mv,
1250 4442 1303 4507 11:
1341 4445 1476 4508 ἀένναον
1510 4444 1544 4508 δὲ

267 4545 388 4627 κυρίως
411 4543 470 4626 μὲν
492 4543 527 4608 τὸ
550 4544 598 4608 ἀεὶ
620 4545 653 4607 ἓν
667 4549 714 4625 τῷ
729 4543 795 4626 ῥεῖν
810 4542 864 4605 καί
878 4541 963 4605 νάειν
979 4543 1025 4615 ὄν,
1048 4547 1105 4605 νῦν
1121 4541 1156 4605 δὲ
1178 4540 1214 4605 τό
1229 4543 1372 4624 αἰώνιον,
1396 4543 1543 4607 aeterum
