3272 5040
232 1307 473 1419 Resurrexere
481 1350 690 1440 Bacchylidis
704 1352 863 1419 carmina:
876 1353 1007 1420 utinam
1018 1356 1158 1440 ὁασπλὴς
1168 1353 1227 1421 illa
1236 1356 1406 1441 Χάρυβόις

118 1485 241 1552 reddat
271 1486 376 1552 etiam
407 1485 566 1552 avunculi
595 1484 742 1552 clarioris
772 1489 885 1574 atque,
920 1489 1084 1574 quantum
1114 1510 1157 1554 ex
1188 1489 1404 1577 antiquorum

121 1619 324 1686 testimoniis
348 1621 382 1686 et
406 1619 575 1706 exipsius
597 1617 793 1704 fragmentis
818 1620 962 1687 servatis
986 1621 1225 1708 cognoscimus,
1250 1623 1403 1689 venusti·

121 1752 189 1818 oris
213 1751 379 1818 suavioris
403 1751 628 1835 elegantioris!

230 1885 294 1952 Sed
320 1886 480 1972 quoniam
495 1885 633 1953 fortuna
647 1885 794 1972 maligna
808 1886 905 1953 nobis
920 1885 1003 1954 nihil
1018 1887 1084 1953 nisi
1099 1887 1238 1956 disiecta
1253 1889 1404 1956 membra

120 2020 301 2104 concessit,
339 2019 380 2086 de
415 2019 468 2086 his
501 2021 570 2086 iam
603 2019 791 2087 instituturi
822 2040 938 2086 sumus
971 2021 1217 2106 quaestionem,
1254 2022 1403 2088 contenti

122 2153 252 2238 exiguis
286 2153 424 2220 deorum
455 2153 559 2220 donis.
605 2154 654 2220 Ac
687 2153 830 2240 primum
860 2120 994 2240 quidem
1024 2153 1202 2221 Simonidis
1234 2153 1290 2222 Oei
1322 2176 1402 2243 syn-

121 2291 242 2353 taxeos
265 2308 375 2370 usum,
408 2286 528 2354 deinde
560 2288 738 2354 verborum
761 2286 929 2354 delectum
956 2289 1103 2354 truciore
1133 2290 1168 2355 in
1199 2288 1310 2355 animo
1342 2291 1402 2355 est.

120 2419 375 2505 Epigrammata
406 2423 521 2487 autem
548 2419 591 2487 ab
614 2420 679 2487 hac
702 2420 937 2488 dissertatione
965 2421 1188 2507 secludamus3
1219 2423 1345 2490 etenim
1368 2426 1403 2490 et

121 2555 255 2639 propter
270 2553 432 2620 lemmate
448 2553 557 2620 adhuc
571 2553 765 2641 plerumque
780 2556 909 2622 incerta
923 2555 1086 2643 praebent
1101 2556 1402 2640 argumentationis

120 2685 377 2754 fundamentum
400 2688 499 2754 nimis
522 2687 685 2755 lubricum
709 2691 744 2754 et
765 2691 899 2775 propter
921 2687 1144 2756 elocutionem
1167 2709 1188 2780 a
1210 2688 1402 2756 melicorum

122 2820 309 2886 carminum
325 2819 495 2888 diversam
516 2820 718 2908 peculiarem
740 2821 852 2908 potius
868 2821 1026 2889 videntur
1042 2820 1228 2888 desiderare
1253 2821 1401 2909 quaesti-

120 2973 232 3038 onom;
269 2953 358 3020 hano
389 2953 431 3021 cb
463 2975 601 3022 causam
632 2954 780 3038 elegiaca
810 2975 942 3043 quoque
973 2953 1165 3038 fragmenta
1193 2954 1403 3040 neglegenda

120 3087 320 3154 censuimus
375 3085 586 3176 Quamquam
619 3109 662 3155 ne
692 3087 776 3154 haec
810 3085 944 3175 quidem
978 3087 1170 3172 fragmenta
1200 3086 1401 3172 Simonides,

121 3222 289 3305 quatenus
313 3243 331 3288 e
354 3241 390 3288 re
414 3242 488 3289 esse
511 3221 689 3304 videbitur,
712 3242 782 3289 non
804 3221 1027 3309 respiciemus.
