3272 5040
614 275 838 341 ...15-

76 453 204 538 potest
227 450 392 518 habemus
415 450 667 520 similitudinem
689 452 752 520 tali
766 453 865 520 modo
879 451 1143 538 ‘conformatam
1168 453 1260 541 quali
1275 454 1363 542 apud

76 547 266 616 Homerum
289 549 474 636 permultae
498 549 663 635 legrmtur.
708 551 890 639 Deperdita
913 553 968 618 est
990 551 1169 637 sententia,
1193 572 1261 639 qua
1284 573 1365 620 oon*

77 647 282 714 tinebantur
304 667 353 731 ea
381 669 468 735 quae
491 649 566 736 ipsa
588 649 751 736 parabola
772 653 870 716 erant
892 647 1106 733 illustranda3
1136 670 1224 736 quae
1247 671 1366 738 super-

79 747 174 830 sunt,
191 743 276 812 adeo
293 747 375 812 sunt
389 745 521 827 vitiata,
537 747 628 813 utin
642 747 709 814 v.4
724 747 863 814 ubinam
877 745 1107 834 praedicatum
1125 747 1234 814 lateat
1256 746 1366 815 adhue

78 842 118 908 in
136 841 237 910 dubio
253 842 310 927 εἰη
329 841 491 910 traditum
511 843 600 910 enim
611 847 665 913 est
678 847 735 912 τὰν
752 847 836 911 δ’ἐνί
850 847 960 930 αὐχένι
975 847 1143 930 στρέφοιαν
1154 847 1262 931 ἕτερον
1271 847 1366 931 κάρα.

78 939 109 1006 E
125 939 290 1025 remediis,
306 961 393 1028 quae
416 940 494 1009 huie
513 940 586 1010 loeo
602 942 755 1010 sanando
771 943 997 1010 adhibuerunt
1019 942 1082 1010 viri
1097 942 1196 1028 docti,
1214 942 1279 1011 duo
1302 945 1366 1010 im·

79 1038 199 1125 probo,
231 1041 266 1106 et
287 1037 472 1106 Hermanni
501 1043 614 1126 ἔτειρεν
624 1042 664 1128 ²⁵)
694 1061 753 1128 pro
777 1045 893 1128 ἕτερον,
928 1039 1017 1128 quod
1040 1040 1075 1106 in
1098 1043 1187 1126 ἕταρ’
1219 1041 1367 1110 mutavit

77 1135 238 1222 Hillems,
263 1141 299 1205 et
313 1137 445 1222 Bergkii
467 1140 597 1224 μεθέντ’.
641 1137 788 1226 Uterque
812 1139 901 1205 enim
923 1137 1154 1226 imperfectum
1178 1138 1364 1219 substituit,

79 1235 138 1300 oui
171 1237 314 1324 tempori
346 1236 381 1302 in
422 1235 548 1303 talibus
582 1239 758 1324 poetarum
801 1235 1075 1304 similitudinibus
1109 1257 1278 1324 nusquam
1313 1239 1367 1304 est

80 1333 244 1418 loeus²⁶>3
275 1333 364 1421 quod
386 1333 552 1422 quomodo
575 1335 742 1402 Homerus
765 1334 883 1401 vitarit
916 1336 956 1401 ut
987 1337 1217 1420 cognoscatur,
1249 1335 1366 1402 statim

81 1429 152 1498 duo
185 1452 370 1519 proponam
404 1432 570 1520 exempla:
605 1433 637 1499 Λ
653 1431 696 1499 62
731 1434 799 1505 οἷος
833 1434 907 1498 δ’ἐκ
941 1435 1067 1517 νεφέων
1101 1435 1366 1518 ἀναφαίνεται..

81 1531 185 1615 ἀστὴρ
206 1581 259 1618 ..,
282 1532 351 1596 τοτὲ
381 1531 502 1604 ὄάὗτις
524 1533 580 1598 ἔδυ
685 1551 692 1566 ·
716 1535 764 1604 ὣς
788 1531 914 1616 Ἕκτωρ
1018 1531 1175 1615 φάνεσκεν
1197 1528 1368 1618 (videlieet

81 1628 215 1694 vitatur
236 1629 272 1694 in
294 1627 511 1698 similitudine
534 1626 774 1715 imperfectum,
799 1648 1006 1715 quamquem
1022 1628 1063 1696 de
1085 1627 1211 1696 iterata
1233 1629 1365 1696 actione

79 1725 189 1792 verba
210 1725 312 1810 fiunt)
335 1728 370 1792 et
391 1727 431 1791 N
437 1726 504 1794 298
534 1728 601 1800 οἷος
632 1728 668 1793 δὲ
688 1781 695 1795 .
716 1727 843 1812 .”Αρης
871 1729 1014 1812 πόλεμον
1041 1728 1077 1793 di
1102 1729 1225 1812 μέτεισι,
1252 1733 1299 1812 τῷ
1330 1729 1365 1793 di

86 1825 328 1909 Φόβος..ἅμσ
344 1877 352 1892 .
369 1875 376 1889 .
392 1827 511 1900 ἕσπετο,
535 1826 608 1898 tei
626 1826 858 1911 ἕφόβησε...·
876 1826 922 1891 τὼ
939 1876 946 1890 .
964 1876 970 1890 .
987 1879 995 1894 .
1012 1825 1296 1912 θωρήσσεσθον”)
1313 1875 1321 1890 .
1337 1875 1365 1894 ..

80 1924 157 1988 οὐδ’
184 1923 386 1990 ἔκλυον...
409 1923 545 1998 ἔδωκαν,
570 1923 661 2008 (τοῖοι
681 1973 688 1989 .
767 1924 883 2008 ἤισαν).
934 1922 1151 1990 Desideratur
1181 1923 1282 2007 igitur
1311 1943 1364 2011 ap.

79 2018 287 2086 Simonidem
308 2018 329 2086 l.
345 2039 371 2086 o.
395 2024 457 2086 aut
477 2040 638 2107 praesens
660 2023 723 2087 aut
744 2019 899 2088 aoristus.

405 2287 440 2353 b)
459 2285 500 2344 de
519 2286 634 2344 modis.
707 2285 775 2343 vld.
793 2287 888 2344 infra
906 2300 938 2355 p.
953 2287 990 2344 17
1000 2300 1048 2356 sq.

582 2421 614 2488 e)
633 2421 675 2478 de
693 2421 870 2478 infinitivo.

188 2525 377 2593 Articulum
392 2525 560 2594 infinitivo
576 2528 805 2614 praepositum
821 2527 929 2594 obiter
951 2529 1125 2613 attigimus
1141 2551 1243 2616 supra
1265 2553 1295 2618 p.
1314 2530 1364 2596 10.

81 2623 130 2691 Illi
155 2645 255 2712 quem
277 2624 453 2691 attulimus
475 2622 548 2691 loco
571 2624 664 2708 lrgm.
680 2624 724 2694 76
746 2626 782 2691 τὸ
807 2627 912 2692 δοκεῖν
934 2627 989 2692 καλ
1010 2628 1068 2692 τὰν
1088 2629 1239 2694 ἀλάθειαν
1260 2631 1364 2714 βιᾶται
1487 2699 1489 2704 ,

81 2744 124 2788 ex
145 2722 393 2809 epigrammatis
409 2722 608 2789 Simonideis
631 2743 718 2810 quae
740 2722 896 2790 feruntur
918 2725 997 2791 addi
1019 2727 1132 2812 potest
1146 2725 1251 2809 100,1
1276 2729 1306 2792 εἰ
1324 2727 1360 2793 τὸ

84 2823 193 2894 καλῶς
214 2823 367 2907 θνῄσκειν
389 2823 502 2906 ἀρετῆς
523 2823 623 2905 μέρος
653 2822 715 2887 ἐστὶ
743 2825 899 2907 μέγιστον.
945 2822 1095 2910 Utroque
1117 2821 1190 2890 loco
1222 2823 1365 2891 subiecti

84 2919 192 2985 instar
214 2923 268 2985 est
289 2918 488 2985 infinitivus.
522 2916 639 3005 Neque
662 2919 752 2984 ultra
766 2918 856 2986 huno
878 2919 967 2987 illius
990 2942 1073 2988 usus
1088 2920 1194 2988 finem
1209 2923 1363 3005 angusti-

86 3037 177 3083 orem
210 3017 341 3106 lyrioos,
376 3015 590 3104 quiquidem
624 3036 693 3082 non
714 3020 793 3103 post
816 3017 1021 3107 Aeschylum
1051 3019 1184 3105 tuerint,
1220 3039 1365 3106 usquam

85 3117 286 3202 processisse
310 3115 411 3182 evicit
432 3113 596 3180 Franciso.
611 3113 768 3200 Birklein,
792 3117 860 3185 Die
874 3117 1291 3204 Entwicllrmyspescbiebte
1309 3120 1365 3186 dee

82 3215 364 3282 substantialem
390 3213 560 3295 Infinitive
593 3211 629 3278 in
662 3214 765 3280 Beitr.
793 3237 820 3282 ε.
845 3215 953 3282 histor.
976 3216 1068 3302 Syrti
1096 3217 1125 3282 d.
1152 3216 1267 3303 yrieeb.
1290 3217 1362 3302 Spr.

83 3309 133 3377 ed.
157 3309 288 3378 Sohanu
311 3309 376 3378 vol.
391 3310 436 3376 111
458 3311 540 3396 Πολι
556 3312 586 3393 1,
610 3312 790 3399 Witrzborp
805 3311 901 3378 1888.

191 3536 225 3606 ¹⁶)
244 3532 316 3606 ἕταρ’
340 3533 401 3590 sive
418 3532 518 3605 ἔτειρεν
536 3535 607 3608 epici
625 3551 693 3591 usus
711 3533 823 3590 ratione
835 3533 935 3590 habite
947 3549 999 3607 pro
1011 3533 1177 3606 imperieoto
1195 3551 1254 3591 non
1266 3534 1364 3592 haberi

83 3614 188 3688 nequit.

189 3695 220 3766 ¹⁶)
240 3695 290 3751 eir.
309 3693 471 3763 K.-u.11⁸,1
492 3694 610 3768 §3888
627 3712 655 3767 p.
670 3693 721 3752 162
739 3697 838 3751 annot.
850 3693 876 3750 Β.
907 3695 971 3751 Une
989 3697 1095 3760 temen,
1114 3697 1253 3767 quantum
1271 3694 1363 3764 video,

85 3775 219 3848 parabole
243 3777 279 3832 ab
297 3775 352 3832 heo
369 3776 432 3848 lege
457 3779 502 3832 est
520 3777 694 3848 excipienda,
722 3791 807 3850 quam
825 3773 935 3830 Kuehn.
955 3776 986 3829 et
1004 3773 1092 3830 Gerth
1111 3776 1274 3842 omiserunt,
1299 3775 1363 3832 dieo

85 3856 245 3928 Empedool.
264 3856 299 3911 lr.
312 3856 349 3911 84
366 3857 423 3928 (etr.
441 3856 527 3912 Diels.
553 3857 597 3912 ed.
615 3856 697 3912 Poet
721 3855 824 3926 philos.
849 3853 950 3924 fragm.
968 3871 995 3927 p.
1010 3854 1087 3926 188):
1112 3853 1147 3913 te
1164 3851 1239 3909 d't'n
1255 3874 1296 3912 τιι

84 3932 234 3990 ὡπλίσσατο
251 3932 351 4004 λύχνον,
370 3974 378 3992 .
397 3975 404 3992 .
423 3975 431 3992 .
448 3937 584 3990 παντοίων
605 3936 709 4005 ἀνέμων
725 3932 882 4006 umque
899 3934 955 4003 dp..
974 3932 1038 3988 οἵτ’
1061 3934 1165 4004 dripere
1186 3933 1237 4004 μὲν
1258 3939 1364 4004 πνεῦμα

85 4011 262 4070 διασκιδνᾶσιν
285 4015 391 4078 (λέπειν.
417 4020 472 4086 φῶς
490 4012 570 4081 δ’ἔξω
588 4012 764 4088 temptante,
788 4012 852 4068 όσον
868 4012 1036 4087 τανσώτεφον
1052 4007 1106 4082 ἦεν,
1129 4011 1278 4084 tipum
1294 4011 1364 4068 κατά

84 4094 163 4168 ppido
180 4134 189 4152 .
208 4135 216 4152 .
235 4135 243 4151 .
263 4137 270 4163 ,
289 4095 324 4154 ue
341 4092 370 4149 u
387 4094 438 4150 τότ’
462 4095 529 4164 ειτὲ.;
554 4113 628 4170 quae
649 4095 733 4151 huius
752 4094 805 4151 loci
822 4095 940 4150 lieentia
957 4095 1023 4151 inde
1041 4095 1148 4167 aliquid
1172 4095 1364 4151 excusationis

85 4179 178 4244 hebet,
204 4177 281 4250 quod
298 4176 344 4232 vel
366 4193 402 4232 ex
425 4177 489 4248 ipsa
510 4177 590 4232 verbi
614 4176 708 4232 torma
725 4171 874 4244 λάιατεσιιεν
897 4175 1029 4248 (quocum
1053 4172 1184 4230 conteres
1208 4174 1238 4229 in
1262 4174 1363 4232 eodem

85 4257 183 4329 fragm.
201 4257 278 4313 intra
296 4251 416 4326 διλεαιον)
434 4257 480 4312 rel
499 4256 621 4312 maxime
638 4255 759 4311 aetionis
777 4255 957 4310 iterationem
974 4254 1063 4326 premi
1080 4256 1207 4326 apparet

188 4338 220 4408 ¹⁷)
239 4337 324 4393 Falso
342 4335 505 4407 libeliugiue
522 4337 553 4392 in
576 4337 632 4392 lex.
649 4335 732 4390 Hom.
754 4337 877 4390 annotet
901 4335 939 4390 ed
963 4335 990 4390 h.
1013 4334 1067 4390 loo.
1086 4335 1170 4390 haee:
1196 4351 1272 4408 „quo
1298 4335 1363 4393 loeo

85 4417 182 4474 melius
194 4416 392 4489 imperteetum
404 4417 579 4474 statueretur
595 4431 653 4471 non
665 4417 827 4487 praesens‘,
845 4431 899 4470 nee
917 4414 1008 4484 magis
1020 4416 1097 4471 reete
1108 4413 1179 4471 lenit
1190 4414 1224 4470 A.
1237 4415 1363 4488 Gelrring

85 4495 113 4552 in
129 4497 216 4553 India.
235 4497 317 4555 Hom.
335 4497 419 4570 (lips.
434 4495 521 4566 1891),
547 4496 623 4569 qnod
642 4495 716 4551 hone
733 4494 856 4551 termam
873 4491 1067 4568 θωρήσσεσθον
1091 4495 1247 4568 imperteoti
1264 4495 1363 4553 formis

86 4576 209 4636 inseruit.
245 4577 336 4633 Immo
352 4594 402 4651 pro
420 4577 563 4650 praesenti
580 4579 707 4648 tempore
725 4579 770 4632 eet
787 4575 927 4632 habenda
1029 4633 1032 4640 Δ
