3272 5040
640 245 863 314 ...59-

107 429 232 510 λέγοοσι
263 427 317 492 καὶ
341 427 529 511 ‘apoduein’
552 426 590 492 τὰ
621 427 786 510 αὐλήματα
814 426 973 500 καλοῦσιν,
1004 425 1069 490 ἀπὸ
1098 432 1154 510 τῆς
1183 427 1282 511 λύρας
1312 429 1394 512 λομ-

107 527 258 608 βάνοντες
286 524 343 596 τὰς
369 525 586 609 προσηγορίας
615 521 706 590 locos
737 543 795 589 eos
827 521 982 588 collectos
1013 541 1035 587 a
1065 520 1222 589 Jacobsio
1252 523 1288 589 in
1310 523 1396 590 Ani-

107 619 291 688 madversa.
314 621 349 687 in
374 621 472 706 epigr.
496 620 632 688 Authoh
658 620 771 688 Graec.
795 619 861 688 vol.
884 619 938 704 1,2
962 641 992 706 p.
1009 619 1085 705 353,
1119 621 1241 706 quihus
1263 629 1393 708 τραῦμα

107 719 148 784 de
164 718 325 784 tibiarum
349 739 433 784 sono
456 720 651 804 usurpatum
674 715 768 784 haud
791 717 888 784 ahter
910 719 1038 802 κρούειν
1062 721 1115 784 est
1131 717 1172 784 de
1196 719 1244 785 eis
1261 740 1396 808 quoque

105 817 351 901 insumentis
366 815 488 902 quibus
500 815 617 883 flando
634 815 781 882 efficitur
797 835 910 900 sonus,
926 816 962 882 in
977 815 1094 900 fragm.
1107 835 1189 882 com.
1205 815 1318 904 adesp.
1326 817 1395 884 415

106 917 199 980 αὐλεῖ
210 915 452 998 Μαριανδυνοῖς
466 915 622 998 καλάμοις
637 915 768 998 κρούων
784 914 888 996 Ἰαστί,
912 913 1061 1000 itemque
1083 917 1209 998 κρέκειν
1224 914 1396 1001 Aristoph.

106 1011 170 1078 AV.
186 1011 254 1078 682
277 1015 427 1096 κρέκοοσ’
444 1012 550 1086 αὐλόν,
573 1013 675 1099 Anyt
690 1011 725 1076 in
742 1010 890 1099 Append.
907 1010 999 1078 Plan.
1015 1011 1121 1092 231,2
1143 1015 1267 1096 eponae
1283 1015 1397 1080 δόνακι

107 1110 200 1196 alibi,
224 1111 427 1195 πολύχορδος
451 1107 594 1196 denique
617 1112 657 1177 ut
680 1131 702 1174 a
723 1107 893 1176 Simonide
917 1103 957 1176 de
980 1109 1073 1176 tibiis
1097 1109 1216 1177 dicitur
1240 1131 1293 1196 ap.
1307 1110 1394 1180 Plat

106 1207 188 1294 Rep.
206 1207 313 1276 3931)
336 1209 527 1280 αὐλοποιοὺς
542 1212 562 1293 ἢ
579 1209 715 1292 αύλητδς
729 1209 894 1292 παραδέξῃ
918 1211 962 1280 εἷς
983 1209 1041 1293 τὴν
1061 1209 1153 1273 πόλιν
1159 1234 1171 1286 ‚·
1194 1213 1214 1292 ἢ
1239 1211 1278 1274 οὗ
1300 1217 1393 1275 τοῦτο

106 1307 403 1391 πολυχορδότατον,·
433 1304 522 1372 unde
554 1327 617 1372 sua
646 1304 750 1372 habet
782 1303 903 1372 Pollux
926 1303 1097 1372 Onomast.
1121 1304 1176 1390 IV,
1188 1305 1231 1374 67
1254 1307 1397 1372 Πλάτων

108 1407 144 1470 δὲ
166 1406 222 1470 καὶ
244 1405 448 1489 πολύχορδον
470 1407 576 1489 εἴρηκε
590 1405 645 1470 τδν
668 1405 774 1471 αὐλόν.
809 1402 856 1468 Ut
875 1403 927 1469 his
942 1403 1024 1470 locis
1047 1402 1091 1470 ad
1106 1403 1217 1488 tibias,
1240 1404 1291 1470 ita
1313 1404 1394 1471 alibi

107 1501 152 1567 ad
179 1521 298 1568 vocem
328 1501 514 1568 humanam
536 1499 738 1567 transfertur
767 1503 977 1586 πολύχορδος,
1009 1501 1063 1568 cfr.
1087 1501 1196 1588 Eurip.
1219 1500 1304 1568 Med.
1328 1501 1396 1568 196

106 1601 321 1686 πολυχόρδοις
332 1601 432 1684 ᾠδαῖς
458 1599 558 1666 Rhea
567 1599 633 1666 548
644 1601 906 1684 πολυχορδοτάτᾳ
919 1602 1020 1684 γήρυϊ.
1043 1599 1200 1684 Invicem,
1215 1620 1302 1686 quae
1317 1601 1393 1668 voci

106 1697 279 1764 humanae
311 1697 525 1783 conveniunt,
559 1695 603 1763 ad
633 1696 735 1763 tibias
765 1695 880 1762 referri
907 1697 1062 1782 vidimus⁷
1095 1697 1149 1765 cir.
1178 1718 1281 1784 supra
1302 1719 1333 1785 p.
1350 1698 1396 1764 58

108 1818 133 1862 s.
150 1816 222 1862 voc.
239 1797 416 1880 κσλλιβόας.
452 1796 541 1862 Ante
557 1795 762 1862 Simonidem
776 1797 979 1878 πολύχορδος
1003 1816 1071 1861 non
1085 1795 1265 1880 invenitur,
1288 1797 1392 1881 χορδή

108 1893 205 1960 Hom.
229 1893 336 1978 40407
359 1893 391 1961 h.
407 1892 503 1961 Mera
520 1894 572 1961 51.

220 1995 509 2076 τσνυπτέρονος.
538 1991 577 2058 ir.
593 1991 678 2073 32,3
693 1992 928 2075 τανυπτερύγου
943 1993 1047 2075 μυίας.
1084 1992 1288 2076 Τανυπτέρυξ
1301 1994 1396 2057 τανύ-

107 2115 223 2173 πτερος
244 2093 466 2174 τανυσίπτερος
500 2089 615 2156 avium
649 2092 730 2156 sunt
764 2088 914 2176 epitheta
948 2087 1039 2174 apud
1073 2089 1184 2176 epicos
1207 2089 1393 2176 lyricosque

109 2190 312 2272 (τανύπτερος
344 2188 489 2271 sagittae
522 2186 665 2254 Timoth.
700 2186 788 2255 Pers¹
813 2186 884 2272 30)3
928 2185 1019 2272 apud
1049 2206 1133 2274 quos
1162 2191 1397 2272 τανυπτέρυγος

108 2288 226 2351 tamen
250 2283 458 2352 desideratur
467 2286 508 2372 ⁴³)
540 2284 784 2372 (recentissima
814 2287 929 2350 aetate
952 2284 1074 2368 legitur
1104 2305 1155 2372 ap.
1180 2283 1393 2368 Manethon).

108 2382 275 2449 Videlicet
297 2383 387 2449 idem
411 2385 551 2449 interest
573 2383 662 2448 inter
681 2383 744 2448 has
769 2383 855 2449 duas
875 2382 1003 2450 formas
1027 2385 1223 2467 τανυπτέρυξ
1245 2385 1280 2449 et
1301 2409 1396 2449 τανυ-

108 2484 274 2566 πτέρυγος,
299 2481 388 2567 quod
404 2480 492 2547 inter
507 2483 735 2567 γαμψώνυχοιτ
755 2480 940 2568 Epicharm.
964 2481 1002 2547 fr.
1019 2481 1063 2547 30
1086 2483 1121 2548 ct
1144 2485 1396 2567 γσμυψώννχεςε

108 2578 206 2644 Hom.
230 2578 347 2645 11428
369 2578 474 2646 21217
497 2579 608 2663 2302.

221 2678 492 2761 τετράγωνος.
542 2675 581 2743 ir.
598 2677 660 2762 5‚2
684 2678 774 2762 ἄνδρ’
879 2679 985 2761 χερσίν
1007 2701 1040 2742 τε
1069 2677 1124 2742 καὶ
1153 2677 1229 2742 ποσλ
1250 2679 1305 2742 καὶ
1327 2679 1398 2762 νόῳ

108 2777 318 2859 τετράγωνον,
363 2773 550 2841 Simonides
574 2774 654 2841 dicit
677 2773 718 2840 de
741 2775 886 2849 homine,
916 2773 973 2861 qui
996 2773 1039 2840 ab
1064 2774 1218 2840 omnibus
1241 2775 1396 2860 partibus

111 2877 146 2939 et
177 2874 322 2959 corporis
354 2876 389 2940 et
418 2873 544 2956 ingenii
575 2877 629 2939 est
658 2871 791 2939 validus
823 2893 862 2940 ac
892 2871 1001 2955 fortis;
1040 2892 1142 2958 quam
1174 2871 1231 2938 alii
1262 2893 1395 2958 quoque

108 2974 330 3056 respexerunt
352 2969 569 3054 locutionem;
600 2969 665 3038 vid.
689 2969 843 3057 exempla
866 2992 887 3037 a
909 2969 1051 3052 Bergkio
1075 2968 1119 3035 ad
1141 2969 1201 3036 loc.
1225 2973 1395 3053 congesta.

222 3070 459 3153 χλωραύχην.
496 3067 534 3134 fr.
551 3068 635 3153 73,2
659 3069 794 3152 ἀηδόνες
810 3119 816 3133 .
834 3120 841 3133 .
858 3120 865 3134 .
881 3070 1109 3154 χλωραύχενες.
1132 3066 1283 3134 Variatio
1300 3067 1396 3134 vidc-

108 3169 166 3231 tur
189 3166 355 3233 Homerici
377 3168 518 3251 χλωρηλς
541 3169 663 3251 ἀηδών,
687 3165 752 3233 vid.
775 3167 884 3249 1518,
916 3167 1054 3232 affertur
1076 3167 1192 3232 autem
1221 3165 1275 3232 hic
1301 3164 1397 3231 locus

110 3263 323 3330 Simonideus
354 3264 390 3329 in
421 3261 563 3350 Etymol.
587 3263 696 3347 Magn.
727 3285 786 3352 pro
817 3264 1023 3346 testimonio,
1057 3283 1123 3351 quo
1146 3263 1282 3333 Homeri
1312 3261 1395 3330 illud
1430 3266 1432 3271 ’

110 3360 151 3428 de
175 3381 362 3447 pennarum
388 3361 550 3428 lusciniae
582 3361 689 3428 colore
722 3383 796 3429 esse
829 3363 1060 3449 accipiendum
1091 3361 1312 3446 confirmetur,
1338 3360 1395 3428 cfr.

110 3481 135 3524 s,
166 3479 239 3525 voc.
262 3461 402 3545 χλωρηίς
436 3461 566 3546 ἀηδών·
601 3461 665 3525 ἀπὸ
698 3468 755 3526 τοῦ
789 3464 980 3546 χρώματος·
1004 3465 1024 3544 ἢ
1045 3510 1053 3526 .
1073 3510 1080 3526 .
1102 3508 1133 3532 .,
1157 3463 1189 3525 οῖ
1223 3461 1258 3525 δὲ
1278 3508 1395 3528 .....

105 3559 240 3642 Ἀληδὲς
264 3559 299 3622 δὲ
321 3559 357 3623 τδ
379 3565 529 3642 πρῶτον·
552 3560 699 3643 τοιαύτην
722 3560 783 3643 γὰρ
812 3561 870 3643 τὴν
896 3562 1053 3643 πτέρωσιν
1076 3561 1148 3642 ἔχει.
1194 3559 1259 3622 Καὶ
1281 3559 1397 3642 Σιμω-

110 3659 219 3741 νίδης·
244 3653 445 3742 (sequuntur
467 3655 646 3722 Simonidis
678 3656 809 3744 verba);
841 3655 1032 3722 conteratur
1054 3655 1209 3722 Eustath.
1233 3654 1277 3722 ad
1299 3655 1396 3722 Hom.

113 3752 258 3838 1875,ss
277 3757 312 3819 et
327 3753 428 3823 schol.
446 3753 489 3820 ad
512 3753 722 3822 HomrblS
757 3754 831 3820 Hac
853 3758 969 3821 tamen
993 3753 1034 3819 de
1051 3753 1232 3820 Simonidei
1256 3753 1397 3841 epitheti

110 3852 388 3938 interpretatione
405 3851 616 3942 Bacchyhdis
640 3851 842 3918 carminibus
866 3873 973 3937 nuper
994 3851 1143 3918 inventis
1167 3851 1396 3938 desperarunt

110 3949 274 4016 Videmus
310 3951 399 4016 enim
434 3953 524 4035 apud
555 3951 645 4016 hunc
678 3949 766 4016 idem
802 3949 1006 4017 adiectivum
1040 3951 1234 4035 χλωρσύχην
1263 3948 1395 4036 puellae

112 4047 314 4115 attributum
336 4049 371 4114 in
401 4069 499 4114 carm.
516 4048 555 4131 V,
567 4050 630 4116 172
654 4051 746 4114 λίπον
768 4051 977 4134 χλωραύχενα
1001 4051 1035 4114 ἓν
1059 4051 1186 4132 δώμασι
1208 4049 1398 4133 Δαϊάνειραν

111 4156 181 4232 νῆιν
215 4149 258 4211 ἔτι
291 4149 428 4231 χρυσέας
461 4147 628 4232 Κυπρίδος
661 4149 902 4232 θελξιμβρότου.
949 4147 1054 4228 Quem
1086 4147 1122 4212 in
1156 4145 1267 4212 locum
1303 4144 1396 4211 illam

111 4245 285 4311 notionem
309 4245 444 4312 minime
468 4244 585 4312 cadere
616 4266 692 4311 cum
714 4245 750 4311 in
773 4244 950 4332 propatulo
975 4246 1028 4328 sit,
1052 4241 1089 4310 G.
1113 4243 1149 4310 Ε.
1172 4242 1338 4310 Marindin
1360 4243 1397 4308 in

219 4395 252 4462 ⁴³)
271 4411 330 4452 var.
348 4397 413 4452 lect.
426 4397 508 4452 Hom.
524 4401 549 4450 T
558 4396 612 4452 350
630 4395 703 4468 ἅρπῃ
720 4395 803 4448 εἰκυῖα
814 4397 987 4468 ταντοττὲρυχι
1004 4392 1147 4466 ληυφὼνῳ,
1167 4393 1216 4450 ubi
1234 4410 1307 4449 unus
1325 4393 1399 4449 liber

112 4469 309 4611 τανϊπχέρύχῶς
338 4476 373 4530 de
397 4477 541 4532 alemanis
559 4477 593 4532 fr.
613 4475 683 4542 60,Ἷ
711 4476 812 4530 οἰωνῶν
839 4472 909 4545 φῦλα
935 4474 1133 4548 ταιιπτιρύγων
1159 4474 1230 4531 nihil
1258 4474 1397 4547 explorari

113 4560 218 4628 potes.
