3272 5040
802 313 992 377 -g„.

251 488 404 572 augurali
438 509 524 575 quae
558 489 748 555 inscribitur
780 491 1001 571 Quaestiones
1033 487 1074 554 de
1102 486 1326 552 vetustiorum
1356 486 1538 571 poetarum
1628 531 1629 572 p

251 587 472 672 elegiaeorum
502 585 705 653 Graecorum
735 589 770 652 et
799 609 852 674 qu.
877 586 997 675 sequ.⁶)
1052 581 1386 652 Commemorandum
1418 583 1538 648 autem

250 706 346 772 perro
380 685 416 750 in
446 683 625 751 Simonidis
656 683 749 768 irgm.
771 685 837 770 4,e
871 686 936 752 dno
971 684 1029 750 illa
1060 682 1278 748 substantiva
1310 701 1428 764 genere
1459 699 1537 746 esse

141 840 144 846 .
251 782 393 866 diversa,
417 781 452 847 id
467 780 556 869 quod
572 780 663 868 apud
677 783 860 849 Homerum
875 782 1011 869 quidem
1026 801 1194 866 nusquam
1211 779 1373 861 invenies,
1398 779 1538 864 saepius
1628 801 1629 824 ι

250 880 410 967 imprimis
433 880 523 966 apud
545 880 689 962 tragicos
712 879 989 966 veluti-Aeschyl.
1005 877 1123 962 Agam.
1140 877 1206 944 664
1216 877 1240 964 ⁰)
1263 879 1341 960 τύχη
1368 877 1403 941 δὲ
1425 878 1538 960 σωτήρ

251 977 363 1066 Suppl.
380 977 465 1043 1041
492 977 642 1065 Sophool.
659 976 734 1044 ΟΒ.
750 977 791 1043 81
818 977 865 1043 Hl.
882 977 948 1044 850
972 976 1059 1043 alibi.

358 1075 443 1142 Ecce
467 1079 583 1142 autem
607 1075 672 1141 duo
696 1078 872 1162 praeterea
896 1077 1035 1141 exstant
1065 1073 1155 1160 apud
1178 1069 1381 1138 Simonidem
1404 1071 1541 1154 generis

251 1174 465 1256 anacolutha,
491 1173 633 1240 alterum
653 1175 688 1239 in
711 1173 803 1257 irgm
820 1175 873 1257 37,
898 1173 956 1240 ubi
971 1171 1148 1239 masculini
1172 1169 1301 1254 generis
1324 1168 1541 1255 participium

250 1276 395 1357 κείμενος
406 1277 427 1355 ⁷)
451 1295 482 1338 v.
506 1271 547 1337 12
569 1269 780 1338 referendum
810 1275 863 1337 est
886 1270 930 1338 ad
952 1274 1056 1345 τέκος,
1088 1269 1231 1335 alterum
1254 1267 1377 1354 pariter
1399 1285 1539 1350 eompa-

250 1374 363 1436 ratum
386 1371 474 1444 52,2
497 1370 607 1454 ψυχὰν
630 1372 830 1434 ἀποπνέοντα
854 1369 1038 1454 γαλαθηνὸν
1061 1370 1159 1439 τέκος.
1205 1364 1370 1432 Videlicet
1392 1365 1540 1448 utroque

111 1554 114 1558 ,
249 1467 321 1534 loco
346 1489 452 1550 genus
474 1487 638 1553 personae
654 1469 778 1532 natura
800 1466 940 1532 insitum
962 1463 1149 1553 praefertur
1174 1463 1212 1546 ei,
1237 1462 1326 1549 quod
1349 1459 1541 1527 secundum

251 1566 489 1648 grammaticae
520 1565 602 1630 artis
632 1563 724 1647 leges
754 1563 953 1650 postulatur.
1004 1562 1113 1629 Huius
1144 1562 1249 1648 ipsius
1282 1558 1476 1626 anacoluthi
1498 1561 1540 1623 in

251 1663 416 1729 vocabulo
445 1665 537 1734 τέκος
566 1665 602 1728 et
630 1665 742 1727 τέκνον
773 1661 943 1748 conspicui
976 1659 1104 1744 largam
1136 1659 1277 1746 praebet
1307 1654 1540 1742 exemplorum

252 1761 382 1847 copiam
405 1781 423 1826 e
446 1759 648 1844 tragicorum
670 1758 795 1826 fabulis
820 1758 993 1826 collectam
1016 1758 1038 1824 Ι.
1056 1756 1195 1824 Wrobel
1217 1757 1253 1822 in
1276 1755 1404 1822 dissert.
1420 1755 1539 1836 inaug.

250 1858 384 1926 Vratisl.
401 1878 478 1924 ann.
498 1857 592 1940 1865,
617 1879 704 1944 quae
729 1859 782 1923 est
805 1857 846 1923 de
867 1855 1079 1923 anacoluthis
1104 1853 1195 1942 apud
1217 1853 1361 1937 tragicos
1378 1849 1537 1918 Graecos

252 1957 354 2023 Simil.
378 1977 430 2043 ap.
453 1955 641 2023 Wilamow.
667 1957 716 2022 ed.
739 1955 815 2021 Eur.
839 1955 935 2042 Hipp.
959 1977 989 2042 p.
1006 1954 1129 2040 230sq.

359 2054 535 2120 Transitus
569 2053 646 2119 inde
678 2075 699 2120 a
729 2073 866 2119 numero
898 2053 1018 2140 plurali
1052 2050 1096 2118 ad
1128 2050 1332 2135 singularem
1362 2069 1420 2134 per
1451 2068 1536 2113 con-

252 2152 472 2219 structionem
495 2172 596 2237 quam
619 2152 825 2234 grammatici
851 2151 966 2218 dicunt
993 2152 1074 2216 κατὰ
1097 2151 1221 2216 σύνεσιν
1243 2146 1299 2214 vel
1322 2155 1429 2232 σχῆμα
1451 2147 1538 2230 πρὸς

251 2251 287 2316 τὸ
303 2251 537 2335 σημαινόμενον
553 2249 643 2335 apud
660 2247 862 2315 Simonidem
878 2249 985 2314 tribus
1005 2247 1087 2314 locis
1102 2249 1141 2314 fit
1157 2248 1262 2313 hisce:
1286 2246 1369 2328 5,19
1385 2246 1504 2315 πάντας
1511 2244 1535 2325 ⁸)

253 2350 287 2414 δ’
311 2350 458 2431 ἐπαίνημι
480 2348 535 2411 καὶ
557 2349 667 2430 φιλέω,
691 2348 777 2411 ἑκὼν
801 2349 884 2419 ὅστις
906 2349 983 2430 ἔρδῃ
1019 2345 1104 2428 39,4
1126 2348 1232 2410 κείνου
1257 2345 1317 2428 γὰρ
1341 2347 1409 2410 ἴσον
1436 2343 1538 2426 λάχον

250 2449 351 2532 μέρος
373 2447 440 2510 οἵτ’
457 2445 574 2528 ἀγαιλολ
597 2445 680 2516 ὅστις
695 2469 726 2509 τε
741 2447 843 2516 κακός
875 2444 960 2528 58,4
976 2437 1052 2509 οὐδὲ
1066 2445 1197 2508 πάντων
1211 2443 1383 2527 βλεφάροις
1405 2442 1536 2505 θνατῶν

251 2547 392 2628 ἔσοπτος,
417 2541 506 2626 ᾥμὴ
524 2543 710 2625 ὃακέιλυμος
733 2543 832 2626 ἱδρὼς
847 2543 980 2607 ἔνδοθεν
994 2543 1089 2626 μόλῃ,
1106 2543 1157 2624 ἵκῃ
1173 2543 1195 2604 τ’
1215 2589 1221 2604 .
1239 2590 1245 2605 .
1263 2538 1388 2604 scilicet
1404 2557 1535 2623 semper

250 2641 286 2707 in
310 2639 487 2706 sententiis
517 2638 666 2705 relativis
691 2638 912 2724 generalibus
945 2639 1033 2706 siout
1064 2638 1155 2726 apud
1178 2637 1360 2704 Homerum
1391 2634 1537 2721 exempli

251 2739 362 2822 gratia
389 2737 495 2804 0731
524 2738 636 2821 Τρῶας
652 2751 684 2804 ἱ.
709 2739 755 2812 ,ὅς
777 2763 821 2810 τις
846 2737 951 2804 Τ260
975 2739 1221 2822 ἀνθρώπους..
1245 2737 1319 2811 ,ὅτις
1343 2733 1440 2818 alias;
1472 2753 1536 2798 neo

252 2834 375 2901 desunt
398 2833 551 2920 exempla
574 2834 648 2900 aliis
681 2856 699 2900 e
731 2835 946 2922 scriptoribus
970 2837 1114 2921 sumpta,
1140 2833 1195 2900 cfr.
1218 2833 1329 2900 Oscar.
1352 2830 1534 2914 Hrdmann,

252 2931 293 2998 de
316 2932 450 2998 Pindari
482 2953 547 2997 usu
577 2932 764 3019 syntactico
794 2933 906 3018 capita
936 2933 1083 3020 quinque
1114 2932 1200 2998 Diss.
1224 2931 1335 3016 inaug.
1358 2927 1433 2994 Hal.
1457 2927 1535 2995 Sax,

255 3030 340 3098 1867
355 3051 385 3116 p.
402 3031 431 3096 5.
470 3028 527 3096 Ed.
539 3029 635 3116 Volp‚
658 3029 698 3096 de
714 3051 779 3095 usu
794 3031 924 3096 numeri
938 3031 1077 3118 pluralis
1093 3027 1281 3116 Aeschyleo
1298 3029 1333 3093 et
1349 3026 1535 3113 Sophocleo

251 3128 337 3194 Diss.
357 3130 467 3210 inaug.
483 3127 585 3213 Marp.
602 3127 688 3194 seu.
707 3127 794 3196 1888
817 3149 847 3214 p.
867 3128 904 3194 ll
920 3150 989 3216 sqq.
1036 3128 1192 3194 Poeticae
1209 3129 1325 3193 autem
1348 3125 1421 3190 eius
1444 3121 1537 3189 modi

252 3228 441 3292 structurae
472 3225 578 3308 magis
610 3225 762 3311 propriae
793 3226 950 3293 videntur
985 3246 1059 3293 esse
1090 3245 1192 3312 quam
1226 3243 1345 3310 prosae
1381 3221 1535 3303 orationi,

252 3343 457 3411 quamquam
494 3343 537 3388 ne
570 3321 613 3388 ab
646 3323 710 3389 hae
741 3321 874 3409 quidem
905 3345 1040 3411 prorsus
1071 3323 1266 3404 abhorrent,
1299 3321 1354 3386 cir.
1387 3317 1535 3406 Thucyd

252 3421 322 3507 VH,
335 3421 424 3505 29‚4
447 3420 521 3487 alia.

359 3518 535 3585 Praetereo
570 3518 750 3604 permirum
788 3517 1022 3586 soloecismum
1060 3519 1104 3585 ab
1142 3515 1333 3584 Herodiano
1373 3513 1536 3582 Simonidi

251 3617 455 3704 imputatum
489 3618 536 3689 ὡς
571 3617 610 3701 δὴ
646 3618 710 3700 ἐγὼ
745 3619 821 3702 γελᾷ
857 3617 964 3704 (frgm.
985 3615 1052 3684 224
1074 3615 1184 3702 ng.)‚
1220 3614 1315 3680 cuius
1351 3611 1536 3680 testimonii

254 3711 446 3798 ambiguam
469 3735 543 3780 esse
566 3711 669 3780 fidem
691 3713 854 3798 Bergkius
878 3717 1066 3781 annotavit.

361 3812 525 3898 Deinceps
549 3811 680 3878 dicatur
703 3810 744 3877 de
768 3811 816 3877 eis
839 3812 930 3897 locis,
955 3813 1013 3879 ubi
1036 3810 1266 3878 enuntiati
1288 3830 1389 3896 pars
1412 3807 1534 3874 desi-

254 3910 442 3978 deratur.

358 4010 408 4076 Αε
431 4029 532 4095 saepe
555 4007 645 4094 apud
668 4007 872 4074 Simonidem
904 4007 1024 4095 copula
1053 4009 1129 4074 εἰσίν
1152 4009 1231 4072 ἐστίν
1260 4005 1437 4090 omittitur3
1469 3994 1534 4070 imss

252 4107 366 4193 primis
389 4109 505 4173 autem
527 4106 611 4173 haec
634 4105 773 4192 copulae
798 4105 924 4192 ellipsis
954 4106 1087 4193 propria
1110 4106 1164 4172 est
1187 4103 1365 4170 sententiis
1388 4103 1535 4187 generali

359 4292 379 4361 ὅ)
398 4294 428 4348 in
447 4291 677 4348 dissertationum
695 4291 790 4362 inaug.
809 4291 930 4348 Vindob.
949 4291 1004 4346 vol.
1018 4291 1056 4346 Ill
1074 4307 1100 4361 p.
1113 4289 1175 4344 216.

359 4373 379 4442 ⁶)
398 4373 440 4428 ed.
453 4372 527 4428 Weil
547 4371 624 4428 1884.

359 4455 379 4524 ²)
398 4454 433 4508 dc
457 4454 627 4525 reliquorum
652 4452 862 4524 participiorum
885 4469 989 4523 genere
1006 4469 1033 4507 v.
1051 4451 1069 4505 8
1087 4453 1118 4506 et
1132 4449 1166 4504 12
1186 4448 1297 4520 (ταθείς)
1315 4448 1466 4519 προσλέχων)
1486 4449 1535 4504 vix

254 4533 402 4683 quicquppn
422 4533 490 4668 cqrti
508 4533 597 4628 statui
615 4535 719 4604 potest.

398 4630 425 4668 V.
456 4654 462 4668 .
479 4632 579 4668 παντα.
