3272 5040
634 225 854 292 ,65-

101 407 233 490 ἠλίθιον,
266 406 441 477 Ἀττικῶς.
465 408 591 481 εἰκαῖον,
630 405 775 490 ἀνόητον,
815 405 1007 489 Ελληνικῶς.
1061 404 1171 472 Semel
1209 426 1260 492 ap.
1289 403 1381 474 Pind.

100 503 317 590 Pyth.111‚11
341 505 437 588 χόλος
461 505 555 569 δὀδκ
579 504 701 575 ἀλίθιος
724 505 835 586 γίνεται
858 504 984 579 παίδων
1006 504 1091 576 Διός.

207 602 361 686 μωρός.
395 600 433 668 fr.
451 601 534 685 57,6
556 608 674 686 μωροῦ
698 601 807 685 φωτὸς
830 602 888 666 ἅδε
909 603 1019 685 βουλά.
1053 603 1167 686 μωρός
1189 600 1257 688 (vel
1280 601 1382 668 otiam

99 700 227 784 μῶρος)
250 698 408 766 Atthidos
440 701 493 766 est
522 699 689 785 peculiare
713 698 929 782 vocobulum,
962 699 1113 765 crebmm
1137 703 1172 765 et
1193 701 1228 766 in
1250 700 1382 786 poetico

101 799 134 864 ot
156 798 193 862 in¹
217 797 327 864 soluto
352 817 472 881 genere
496 796 637 881 dicendi;
660 796 754 884 lyrici
777 797 840 864 hoo
863 796 1027 864 vocabulo
1050 797 1296 864 abstinuerunt.

209 898 261 980 ἕψ
269 921 306 962 ω.
334 893 372 962 fr.
389 895 461 978 64,1
479 897 567 980 παρὰ
582 896 703 980 χρυσὸν
719 896 824 980 ἑφθόν
840 898 1008 981 ἀκήρατον.
1035 897 1160 980 Ἑςοθόν
1177 895 1256 961 dicit
1272 895 1382 962 Simo-

99 992 196 1060 nides
221 1014 340 1060 aurum
362 992 441 1076 tale,
469 993 568 1078 quale
592 994 693 1060 ceteri
716 996 866 1078 ἄπεφθον
890 991 995 1060 veluti
1016 992 1174 1060 Herodot.
1190 993 1214 1076 1,
1223 993 1267 1060 50
1288 992 1383 1076 11,44

84 1090 248 1179 ·Thucyd.
265 1091 303 1175 ll,
316 1091 356 1156 13
387 1090 473 1157 Plut.
489 1093 631 1175 περὶτοῦ
646 1092 693 1175 μὴ
711 1093 775 1156 δεῖν
793 1093 990 1166 δανείζεσθαι
1006 1091 1072 1156 828
1088 1091 1114 1156 Β
1130 1089 1182 1175 (V,
1193 1090 1257 1156 135
1273 1090 1381 1178 Born.)

98 1188 203 1255 Bekk.
220 1187 344 1255 Aneod.
360 1188 469 1272 Ι,423,
478 1189 522 1255 23
557 1187 677 1254 Pollux
693 1187 809 1255 Onom.
827 1189 857 1274 3,
868 1189 911 1257 87
945 1187 1031 1272 7‚97
1067 1187 1156 1254 Suid.
1172 1210 1197 1254 s.
1213 1210 1244 1255 v.
1270 1187 1380 1271 Signi-

99 1287 182 1352 ficat
199 1287 313 1352 autem
329 1307 448 1352 aurum
464 1285 553 1373 quod
567 1286 785 1372 liquefactum
801 1289 855 1353 est
870 1308 892 1352 a
905 1286 1001 1354 fabro
1018 1289 1121 1372 atque
1137 1286 1187 1352 ita
1200 1287 1380 1372 purgatum

99 1382 168 1472 (cfr.
192 1382 316 1452 Polluo.
341 1383 430 1450 Suid.
454 1383 473 1450 l.
498 1384 545 1473 α).
591 1383 839 1451 Οιαῐιίαοινειο
871 1383 1064 1471 splendidae
1087 1382 1244 1470 puritatis
1268 1386 1303 1448 ot
1326 1381 1381 1448 in-

98 1482 269 1566 tegritatis
283 1483 338 1549 vel
354 1484 456 1548 etiam
471 1503 601 1548 morum
615 1483 723 1549 instar
747 1485 800 1548 est
822 1483 911 1568 apud
934 1485 1063 1569 poetas,
1081 1481 1137 1548 cir.
1153 1480 1299 1564 Theogn.
1313 1479 1381 1546 449

99 1583 243 1665 εὑρήσεις
266 1583 302 1646 δέ
322 1607 364 1666 με
386 1589 481 1647 πᾶσιν
504 1583 553 1646 ἐπ’
579 1585 729 1665 ἔργμασιν
759 1583 869 1664 ὥσπερ
900 1582 1051 1664 ἄπεφθον
1080 1581 1210 1664 χρυσόν,
1241 1579 1381 1663 ἐρυθρὸν

99 1681 183 1754 ἰδεῖν,
207 1680 394 1764 τριβόμενον
408 1681 541 1764 βασάνῳ
580 1677 667 1744 1106
691 1681 735 1750 είς
756 1682 899 1763 βάσανον
922 1681 952 1744 δ’
970 1679 1086 1764 ἐλθών,
1108 1677 1381 1762 παρατριβόμενός

98 1803 130 1842 τε
144 1779 302 1861 μολίβδῳ,
324 1778 444 1862 χρυσὸς
462 1779 611 1861 άπεφθος
625 1779 698 1852 dciv,
722 1777 820 1848 καλδς
836 1779 951 1842 ἅπασιν
966 1779 1031 1860 ἔσῃ.
1059 1775 1153 1841 Pind.
1165 1774 1258 1840 Nem.
1270 1774 1326 1858 IV,
1336 1773 1380 1838 82

100 1877 117 1940 ό
140 1876 261 1960 χρυσὸς
294 1877 453 1959 ἑψόμενος
476 1876 576 1958 αὐγάς
610 1876 725 1949 ἔδειξεν
760 1876 893 1949 ἁπάσας,
928 1876 1029 1957 ὕμνος
1060 1875 1095 1938 δὲ
1124 1876 1200 1956 κτὲ.;
1233 1871 1379 1938 fortasse

101 1971 280 2039 Simonidis
289 1993 420 2058 quoquo
429 1972 500 2039 loco
509 1971 608 2038 valde
621 1974 773 2058 corrupto
788 1970 958 2038 eiusmodi
970 1970 1084 2057 aliqua
1094 1971 1179 2037 latet
1188 1968 1378 2036 similitudo.

207 2073 317 2155 θραό
327 2095 364 2136 ω.
395 2069 434 2136 ir.
450 2070 533 2156 57,6
556 2073 648 2136 λίθον
664 2071 699 2136 δὲ
714 2071 768 2134 καὶ
782 2070 909 2154 βρότεοι
930 2069 1073 2152 παλάμαι
1088 2071 1249 2154 θραύοντι.
1280 2065 1380 2153 Apud

99 2169 231 2234 Atticos
258 2170 393 2234 tantum
426 2167 563 2234 recurrit
597 2169 764 2254 poetes⁶⁰)
799 2167 912 2254 ibique
941 2165 1161 2252 frequentius
1194 2165 1250 2232 cfr.
1273 2163 1381 2232 veluti

101 2264 543 2353 Aeschyl.Pers.196.416
578 2265 671 2332 Eum.
687 2265 753 2333 557
788 2265 939 2352 Sophocl.
955 2263 1003 2330 bl.
1019 2264 1182 2332 729.745
1215 2263 1298 2330 Phil.
1314 2262 1380 2328 294

99 2365 177 2428 Ant.
193 2363 260 2431 476
294 2362 404 2450 Flurip.
419 2363 515 2450 Hipp.
528 2363 612 2430 1239
637 2363 717 2430 alibi
751 2364 918 2449 Aristoph.
935 2365 997 2430 Av.
1013 2362 1079 2428 466
1093 2361 1260 2446 (conferas
1277 2361 1379 2428 etium

100 2463 298 2546 άποθραόειν
324 2463 514 2545 σννθραύειν
545 2463 726 2546 ἄθραυστος
757 2463 975 2546 ἡμίθρανστος
1011 2463 1145 2546 θραῦμα
1175 2461 1380 2545 θραυοάνιυξ

100 2558 191 2645 apud
222 2557 379 2645 eosdem),
414 2559 450 2624 in
480 2579 579 2645 prosa
611 2560 760 2624 oratione
793 2561 907 2624 exstat
938 2557 1028 2644 apud
1051 2558 1258 2624 Herodotum
1286 2557 1380 2623 etin

99 2655 287 2722 Atticorum
311 2657 450 2743 scriptis,
474 2656 627 2723 vitarunt
648 2659 764 2722 tamen
788 2655 1000 2742 Thucydides
1023 2659 1246 2741 oratoresque.

207 2756 476 2820 κατακωλόω.
519 2753 658 2838 fr.41‚2
682 2757 746 2825 ἅτις
768 2755 949 2819 κατεκώλυε
972 2803 979 2818 .
1003 2803 1010 2818 .
1035 2802 1041 2818 .
1065 2760 1166 2837 γᾶρυν
1189 2755 1318 2837 ἀραρεῖν
1341 2801 1348 2818 .
1372 2803 1380 2818 .

99 2851 175 2918 Vox
197 2853 318 2917 κωλύω
341 2851 376 2916 in
399 2873 498 2939 prosa
514 2853 662 2918 oratione
678 2853 793 2918 Attica
808 2851 1007 2916 creberrima
1022 2849 1111 2937 apud
1126 2848 1331 2916 Herodotum
1339 2849 1379 2938 ὁ1)

100 2953 134 3016 et
168 2949 281 3036 epicos
315 2971 483 3036 nusquam
505 2949 635 3034 legitur,
672 2949 761 3036 apud
793 2947 913 3036 lyricos
944 2947 1148 3036 Aeschylum
1181 2947 1380 3034 Sophoclem

99 3067 241 3134 perraro,
273 3045 328 3113 cfr.
352 3046 420 3114 Alo.
437 3049 521 3131 55,2
561 3048 654 3114 Pind.
670 3048 767 3134 Pyth.
783 3047 838 3131 IV,
849 3047 892 3113 33
918 3045 1080 3135 [Aeschyl.
1105 3044 1216 3132 Suppl.
1234 3044 1321 3110 1002
1344 3045 1380 3112 in

99 3167 199 3212 versu
225 3143 411 3234 desperato]
444 3145 776 3232 Sophocl.El.1197
809 3147 886 3211 Ant.
910 3145 974 3210 261
1005 3143 1088 3210 Phil.
1110 3144 1207 3229 1241,
1243 3142 1379 3229 saepius

99 3244 189 3330 apud
204 3241 395 3329 Euripidem
419 3247 454 3310 ct
469 3243 735 3330 Aristophanem.
781 3243 919 3330 Epicum
942 3245 977 3310 et
992 3242 1140 3308 lonicum
1164 3245 1217 3308 est
1239 3244 1378 3327 ἕρόκειν;

97 3343 315 3408 κατακωλύειν
338 3344 418 3408 ante
443 3340 620 3408 Simonidis
644 3343 792 3408 aetatem
816 3361 885 3408 non
909 3344 962 3408 est
984 3341 1153 3408 traditum.
1177 3341 1262 3428 Δί)

205 3715 326 3782 Paucis
342 3715 410 3780 iam
426 3715 693 3801 complectamur,
711 3736 799 3802 quae
811 3714 852 3780 de
866 3713 1043 3781 Simonidis
1056 3713 1188 3780 delectu
1199 3713 1378 3781 verborum

98 3811 160 3880 hoc
184 3813 294 3900 capite
317 3813 541 3899 exposuimus

206 3909 256 3976 Ac
278 3913 421 3996 primum
436 3911 570 3998 quidem
585 3910 619 3976 id
634 3912 716 3977 mihi
730 3911 890 3998 probasse
906 3908 1030 3993 videor,
1055 3908 1259 3976 Simonidem
1275 3908 1379 3975 Geum

99 4007 190 4074 haud
213 4007 342 4074 tardius
363 4030 464 4095 quam
481 4011 608 4076 ceteros
624 4011 744 4095 poetas
760 4008 927 4096 epicorum
942 4008 1088 4091 vestigia
1102 4006 1263 4094 pressisse
1278 4005 1378 4093 idque

206 4203 238 4272 ⁶⁰)
257 4220 317 4260 var.
335 4204 399 4259 leot.
418 4221 462 4275 ap.
482 4203 561 4259 Pind.
581 4204 623 4260 Ol.
641 4205 687 4269 vl,
698 4204 741 4260 97.

206 4283 238 4353 ⁶¹)
258 4285 394 4338 adsemel
412 4284 440 4338 in
459 4285 565 4338 oraculi
582 4285 708 4339 versibus
727 4283 840 4339 insertis
858 4284 878 4350 1.
888 4283 932 4341 66.

206 4363 238 4434 ⁶²)
256 4363 404 4418 Accedunt
431 4360 465 4427 ἐξ
492 4359 631 4431 ἀδήλωνι
660 4363 694 4420 lr.
708 4363 762 4418 240
779 4363 901 4434 κίρτοε.
935 4364 978 4419 Do
998 4365 1116 4420 notione
1137 4363 1220 4418 huius
1238 4361 1378 4428 vocabuli,

100 4443 255 4516 siquidem
272 4445 350 4498 recte
374 4446 419 4500 est
436 4445 581 4510 traditum,
609 4443 679 4498 nihil
706 4446 830 4500 constet.
858 4473 893 4482 -
920 4442 955 4500 ir.
973 4443 1026 4498 235
1054 4437 1255 4514 αἶριπόλιοι
1281 4438 1376 4510 δμωαί,

100 4522 140 4579 Do
157 4524 237 4579 vocis
254 4521 419 4593 integritate
438 4524 632 4579 dubitandum.

152 4619 289 4664 sohrooter.
1182 4612 1200 4666 5
