<?xml version="1.0" encoding="UTF-8"?>
<!DOCTYPE html PUBLIC "-//W3C//DTD XHTML 1.0 Transitional//EN"
    "http://www.w3.org/TR/xhtml1/DTD/xhtml1-transitional.dtd">
<html xmlns="http://www.w3.org/1999/xhtml" xml:lang="en" lang="en">
 <head>
  <title>
</title>
<meta http-equiv="Content-Type" content="text/html;charset=utf-8" />
  <meta name='ocr-system' content='tesseract 3.04.00' />
  <meta name='ocr-capabilities' content='ocr_page ocr_carea ocr_par ocr_line ocrx_word'/>
</head>
<body>
  <div class='ocr_page' id='page_1' title='image "./desimonidisceim00schrgoog_0071.png"; bbox 0 0 3272 5040; ppageno 0'>
   <div class='ocr_carea' id='block_1_1' title="bbox 801 286 1023 353">
    <p class='ocr_par' dir='ltr' id='par_1_1' title="bbox 801 286 1023 353">
     <span class='ocr_line' id='line_1_1' title="bbox 801 286 1023 353; baseline 0.005 -19"><span class='ocrx_word' id='word_1_1' title='bbox 801 286 1023 353; x_wconf 76' lang='grc'>,64-</span> 
     </span>
    </p>
   </div>
   <div class='ocr_carea' id='block_1_2' title="bbox 268 463 1557 1428">
    <p class='ocr_par' dir='ltr' id='par_1_2' title="bbox 268 463 1557 1236">
     <span class='ocr_line' id='line_1_2' title="bbox 378 463 1557 554; baseline 0.003 -25"><span class='ocrx_word' id='word_1_2' title='bbox 378 467 698 548; x_wconf 86' lang='grc' dir='ltr'><strong><em>χαραξίποντος.</em></strong></span> <span class='ocrx_word' id='word_1_3' title='bbox 740 463 778 531; x_wconf 87' lang='lat' dir='ltr'>fr.</span> <span class='ocrx_word' id='word_1_4' title='bbox 802 464 886 548; x_wconf 83' lang='lat'>23,3</span> <span class='ocrx_word' id='word_1_5' title='bbox 910 465 1000 537; x_wconf 80' lang='grc' dir='ltr'><strong><em>ναΐας</em></strong></span> <span class='ocrx_word' id='word_1_6' title='bbox 1021 466 1151 538; x_wconf 79' lang='grc' dir='ltr'><em>κλαΐδος</em></span> <span class='ocrx_word' id='word_1_7' title='bbox 1173 467 1415 550; x_wconf 83' lang='grc' dir='ltr'><strong><em>χαραξιπόντου.</em></strong></span> <span class='ocrx_word' id='word_1_8' title='bbox 1454 466 1557 554; x_wconf 85' lang='lat' dir='ltr'><strong>Apud</strong></span> 
     </span>
     <span class='ocr_line' id='line_1_3' title="bbox 269 559 1557 652; baseline 0.004 -25"><span class='ocrx_word' id='word_1_9' title='bbox 269 563 388 648; x_wconf 86' lang='lat' dir='ltr'>poetas</span> <span class='ocrx_word' id='word_1_10' title='bbox 412 559 542 628; x_wconf 87' lang='lat' dir='ltr'>serioris</span> <span class='ocrx_word' id='word_1_11' title='bbox 559 562 692 628; x_wconf 91' lang='lat' dir='ltr'>demum</span> <span class='ocrx_word' id='word_1_12' title='bbox 713 564 837 628; x_wconf 88' lang='lat' dir='ltr'>aetatis</span> <span class='ocrx_word' id='word_1_13' title='bbox 861 565 1031 648; x_wconf 85' lang='grc' dir='ltr'><strong><em>χαράσσειν</em></strong></span> <span class='ocrx_word' id='word_1_14' title='bbox 1054 563 1192 630; x_wconf 87' lang='lat' dir='ltr'>donavi</span> <span class='ocrx_word' id='word_1_15' title='bbox 1215 585 1363 651; x_wconf 88' lang='lat' dir='ltr'>aequora</span> <span class='ocrx_word' id='word_1_16' title='bbox 1378 567 1557 652; x_wconf 91' lang='lat' dir='ltr'>tamquam</span> 
     </span>
     <span class='ocr_line' id='line_1_4' title="bbox 270 658 1555 748; baseline 0.004 -24"><span class='ocrx_word' id='word_1_17' title='bbox 270 658 422 726; x_wconf 77' lang='lat' dir='ltr'><strong>sulcante</strong></span> <span class='ocrx_word' id='word_1_18' title='bbox 444 661 480 725; x_wconf 92' lang='lat' dir='ltr'>in</span> <span class='ocrx_word' id='word_1_19' title='bbox 503 681 569 726; x_wconf 90' lang='lat' dir='ltr'>usu</span> <span class='ocrx_word' id='word_1_20' title='bbox 592 663 654 745; x_wconf 89' lang='lat' dir='ltr'>est,</span> <span class='ocrx_word' id='word_1_21' title='bbox 680 661 733 727; x_wconf 84' lang='lat' dir='ltr'>cfr.</span> <span class='ocrx_word' id='word_1_22' title='bbox 757 659 855 746; x_wconf 90' lang='lat' dir='ltr'>Orph.</span> <span class='ocrx_word' id='word_1_23' title='bbox 873 661 995 743; x_wconf 85' lang='lat' dir='ltr'>Argon.</span> <span class='ocrx_word' id='word_1_24' title='bbox 1012 661 1077 728; x_wconf 84' lang='lat'>372</span> <span class='ocrx_word' id='word_1_25' title='bbox 1101 664 1273 746; x_wconf 77' lang='grc' dir='ltr'><strong><em>ἀμπαύσας</em></strong></span> <span class='ocrx_word' id='word_1_26' title='bbox 1296 664 1425 746; x_wconf 79' lang='grc' dir='ltr'><em>δολιχῆς</em></span> <span class='ocrx_word' id='word_1_27' title='bbox 1448 666 1555 748; x_wconf 76' lang='grc' dir='ltr'><strong><em>οἰκήια</em></strong></span> 
     </span>
     <span class='ocr_line' id='line_1_5' title="bbox 268 759 1555 845; baseline 0.002 -23"><span class='ocrx_word' id='word_1_28' title='bbox 268 759 347 842; x_wconf 87' lang='grc' dir='ltr'><strong><em>νηὸς</em></strong></span> <span class='ocrx_word' id='word_1_29' title='bbox 367 759 484 824; x_wconf 84' lang='grc' dir='ltr'><strong><em>τυτθὸν</em></strong></span> <span class='ocrx_word' id='word_1_30' title='bbox 506 761 561 824; x_wconf 80' lang='grc' dir='ltr'>ὑπ’</span> <span class='ocrx_word' id='word_1_31' title='bbox 588 761 751 842; x_wconf 82' lang='grc' dir='ltr'><strong><em>εἰρεσίῃσιν</em></strong></span> <span class='ocrx_word' id='word_1_32' title='bbox 774 760 917 824; x_wconf 78' lang='grc' dir='ltr'><strong><em>ἐκέκλετο</em></strong></span> <span class='ocrx_word' id='word_1_33' title='bbox 945 767 1033 842; x_wconf 84' lang='grc' dir='ltr'><strong><em>κῦμα</em></strong></span> <span class='ocrx_word' id='word_1_34' title='bbox 1056 762 1227 844; x_wconf 87' lang='grc' dir='ltr'><strong><em>χαράσσειν</em></strong></span> <span class='ocrx_word' id='word_1_35' title='bbox 1252 759 1318 826; x_wconf 85' lang='grc'>703</span> <span class='ocrx_word' id='word_1_36' title='bbox 1342 763 1461 845; x_wconf 78' lang='grc' dir='ltr'><strong><em>ἱέμενοι</em></strong></span> <span class='ocrx_word' id='word_1_37' title='bbox 1488 762 1555 840; x_wconf 86' lang='grc' dir='ltr'><strong><em>θρὰ</em></strong></span> 
     </span>
     <span class='ocr_line' id='line_1_6' title="bbox 268 856 1556 942; baseline 0.003 -22"><span class='ocrx_word' id='word_1_38' title='bbox 268 858 392 939; x_wconf 82' lang='grc' dir='ltr'><strong><em>κύμαθ’</em></strong></span> <span class='ocrx_word' id='word_1_39' title='bbox 408 859 461 920; x_wconf 77' lang='grc' dir='ltr'>ὑπ’</span> <span class='ocrx_word' id='word_1_40' title='bbox 483 859 628 941; x_wconf 82' lang='grc' dir='ltr'><strong><em>εἰρεσίῃσι</em></strong></span> <span class='ocrx_word' id='word_1_41' title='bbox 644 859 807 940; x_wconf 88' lang='grc' dir='ltr'><strong><em>χάρασοον</em></strong></span> <span class='ocrx_word' id='word_1_42' title='bbox 834 856 942 924; x_wconf 87' lang='lat' dir='ltr'>Nonn.</span> <span class='ocrx_word' id='word_1_43' title='bbox 958 856 1053 922; x_wconf 88' lang='lat' dir='ltr'>Dion.</span> <span class='ocrx_word' id='word_1_44' title='bbox 1071 856 1155 938; x_wconf 82' lang='lat'>3‚46</span> <span class='ocrx_word' id='word_1_45' title='bbox 1176 859 1314 942; x_wconf 82' lang='grc' dir='ltr'><strong><em>νήνεμον</em></strong></span> <span class='ocrx_word' id='word_1_46' title='bbox 1336 860 1556 942; x_wconf 84' lang='grc' dir='ltr'><strong><em>ἀκροτάτοισιν</em></strong></span> 
     </span>
     <span class='ocr_line' id='line_1_7' title="bbox 268 953 1555 1038; baseline 0.003 -20"><span class='ocrx_word' id='word_1_47' title='bbox 268 955 360 1038; x_wconf 80' lang='grc' dir='ltr'><strong><em>ὕδωρ</em></strong></span> <span class='ocrx_word' id='word_1_48' title='bbox 383 956 560 1038; x_wconf 82' lang='grc' dir='ltr'><strong><em>ἐχάρασσον</em></strong></span> <span class='ocrx_word' id='word_1_49' title='bbox 583 957 731 1038; x_wconf 77' lang='grc' dir='ltr'><strong><em>ἐρετμοῖς,</em></strong></span> <span class='ocrx_word' id='word_1_50' title='bbox 757 953 812 1020; x_wconf 85' lang='lat' dir='ltr'>cfr.</span> <span class='ocrx_word' id='word_1_51' title='bbox 829 953 882 1036; x_wconf 82' lang='grc'>26,</span> <span class='ocrx_word' id='word_1_52' title='bbox 900 954 963 1019; x_wconf 88' lang='grc'>186</span> <span class='ocrx_word' id='word_1_53' title='bbox 985 953 1039 1038; x_wconf 83' lang='grc'>40,</span> <span class='ocrx_word' id='word_1_54' title='bbox 1052 953 1119 1020; x_wconf 87' lang='grc'>466</span> <span class='ocrx_word' id='word_1_55' title='bbox 1142 955 1196 1038; x_wconf 86' lang='grc'>41,</span> <span class='ocrx_word' id='word_1_56' title='bbox 1211 955 1277 1020; x_wconf 84' lang='grc'>114</span> <span class='ocrx_word' id='word_1_57' title='bbox 1299 954 1354 1037; x_wconf 81' lang='lat'>43,</span> <span class='ocrx_word' id='word_1_58' title='bbox 1364 955 1440 1022; x_wconf 86' lang='lat'><strong>200.</strong></span> <span class='ocrx_word' id='word_1_59' title='bbox 1480 955 1555 1022; x_wconf 91' lang='lat' dir='ltr'>Ho-</span> 
     </span>
     <span class='ocr_line' id='line_1_8' title="bbox 268 1051 1553 1139; baseline 0.003 -23"><span class='ocrx_word' id='word_1_60' title='bbox 268 1071 379 1117; x_wconf 81' lang='lat' dir='ltr'>merus</span> <span class='ocrx_word' id='word_1_61' title='bbox 403 1051 537 1138; x_wconf 91' lang='lat' dir='ltr'>quidem</span> <span class='ocrx_word' id='word_1_62' title='bbox 551 1052 692 1119; x_wconf 87' lang='lat' dir='ltr'>verbum</span> <span class='ocrx_word' id='word_1_63' title='bbox 711 1053 881 1136; x_wconf 87' lang='grc' dir='ltr'><strong><em>χαράσσειν</em></strong></span> <span class='ocrx_word' id='word_1_64' title='bbox 898 1051 1032 1117; x_wconf 91' lang='lat' dir='ltr'>omnino</span> <span class='ocrx_word' id='word_1_65' title='bbox 1049 1073 1116 1118; x_wconf 93' lang='lat' dir='ltr'>non</span> <span class='ocrx_word' id='word_1_66' title='bbox 1132 1053 1238 1136; x_wconf 89' lang='lat' dir='ltr'>novit,</span> <span class='ocrx_word' id='word_1_67' title='bbox 1263 1051 1354 1139; x_wconf 92' lang='lat' dir='ltr'>apud</span> <span class='ocrx_word' id='word_1_68' title='bbox 1364 1051 1553 1120; x_wconf 83' lang='lat' dir='ltr'><strong>Hesiodum</strong></span> 
     </span>
     <span class='ocr_line' id='line_1_9' title="bbox 269 1147 1235 1236; baseline 0.003 -23"><span class='ocrx_word' id='word_1_69' title='bbox 269 1147 349 1236; x_wconf 88' lang='lat' dir='ltr'>Opp.</span> <span class='ocrx_word' id='word_1_70' title='bbox 366 1149 431 1216; x_wconf 97' lang='grc'>387</span> <span class='ocrx_word' id='word_1_71' title='bbox 444 1201 451 1216; x_wconf 89' lang='grc'><strong><em>.</em></strong></span> <span class='ocrx_word' id='word_1_72' title='bbox 464 1151 529 1217; x_wconf 90' lang='grc'>573</span> <span class='ocrx_word' id='word_1_73' title='bbox 569 1149 658 1216; x_wconf 88' lang='lat' dir='ltr'>Scut.</span> <span class='ocrx_word' id='word_1_74' title='bbox 674 1149 769 1215; x_wconf 90' lang='lat' dir='ltr'>Herc.</span> <span class='ocrx_word' id='word_1_75' title='bbox 786 1149 851 1216; x_wconf 83' lang='lat'>235</span> <span class='ocrx_word' id='word_1_76' title='bbox 875 1149 944 1215; x_wconf 88' lang='lat' dir='ltr'>vim</span> <span class='ocrx_word' id='word_1_77' title='bbox 967 1151 1062 1216; x_wconf 87' lang='lat' dir='ltr'>tenet</span> <span class='ocrx_word' id='word_1_78' title='bbox 1085 1150 1235 1216; x_wconf 78' lang='lat' dir='ltr'>acuendi.</span> 
     </span>
    </p>

    <p class='ocr_par' dir='ltr' id='par_1_3' title="bbox 269 1245 1549 1428">
     <span class='ocr_line' id='line_1_10' title="bbox 376 1245 1549 1333; baseline 0.002 -21"><span class='ocrx_word' id='word_1_79' title='bbox 376 1249 689 1332; x_wconf 86' lang='grc' dir='ltr'><strong><em>ἀμψιταράσσω.</em></strong></span> <span class='ocrx_word' id='word_1_80' title='bbox 723 1245 763 1313; x_wconf 86' lang='lat' dir='ltr'>fr.</span> <span class='ocrx_word' id='word_1_81' title='bbox 779 1246 862 1332; x_wconf 84' lang='grc'>51,2</span> <span class='ocrx_word' id='word_1_82' title='bbox 886 1249 962 1320; x_wconf 81' lang='grc' dir='ltr'><em>ἁλὸς</em></span> <span class='ocrx_word' id='word_1_83' title='bbox 978 1250 1307 1333; x_wconf 76' lang='grc' dir='ltr'><strong><em>ἀμφιταρασσομένας.</em></strong></span> <span class='ocrx_word' id='word_1_84' title='bbox 1341 1247 1439 1315; x_wconf 89' lang='lat' dir='ltr'>Hom.</span> <span class='ocrx_word' id='word_1_85' title='bbox 1455 1275 1472 1314; x_wconf 92' lang='grc' dir='ltr'><strong><em>ε</em></strong></span> <span class='ocrx_word' id='word_1_86' title='bbox 1488 1249 1549 1316; x_wconf 85' lang='grc'>291</span> 
     </span>
     <span class='ocr_line' id='line_1_11' title="bbox 269 1345 709 1428; baseline 0.007 -20"><span class='ocrx_word' id='word_1_87' title='bbox 269 1345 407 1428; x_wconf 66' lang='grc' dir='ltr'><strong><em>ἐτάραξε,</em></strong></span> <span class='ocrx_word' id='word_1_88' title='bbox 422 1396 452 1410; x_wconf 92' lang='grc'>..</span> <span class='ocrx_word' id='word_1_89' title='bbox 476 1347 600 1410; x_wconf 84' lang='grc' dir='ltr'><strong><em>πόντον.</em></strong></span> <span class='ocrx_word' id='word_1_90' title='bbox 623 1347 709 1428; x_wconf 78' lang='lat'><strong>-⁴⁸)</strong></span> 
     </span>
    </p>
   </div>
   <div class='ocr_carea' id='block_1_3' title="bbox 265 1539 1626 3048">
    <p class='ocr_par' dir='ltr' id='par_1_4' title="bbox 267 1539 1551 1724">
     <span class='ocr_line' id='line_1_12' title="bbox 373 1539 1551 1629; baseline 0.003 -25"><span class='ocrx_word' id='word_1_91' title='bbox 373 1539 503 1622; x_wconf 87' lang='lat' dir='ltr'>Agmen</span> <span class='ocrx_word' id='word_1_92' title='bbox 527 1539 687 1606; x_wconf 84' lang='lat' dir='ltr'>claudant</span> <span class='ocrx_word' id='word_1_93' title='bbox 709 1561 877 1626; x_wconf 91' lang='lat' dir='ltr'>perpauca</span> <span class='ocrx_word' id='word_1_94' title='bbox 900 1539 1067 1606; x_wconf 88' lang='lat' dir='ltr'>vocabula</span> <span class='ocrx_word' id='word_1_95' title='bbox 1095 1561 1145 1623; x_wconf 80' lang='lat' dir='ltr'>ea,</span> <span class='ocrx_word' id='word_1_96' title='bbox 1182 1562 1293 1626; x_wconf 90' lang='lat' dir='ltr'>quae</span> <span class='ocrx_word' id='word_1_97' title='bbox 1327 1541 1378 1608; x_wconf 91' lang='lat' dir='ltr'>ab</span> <span class='ocrx_word' id='word_1_98' title='bbox 1414 1543 1551 1629; x_wconf 91' lang='lat' dir='ltr'>epicis</span> 
     </span>
     <span class='ocr_line' id='line_1_13' title="bbox 267 1637 1099 1724; baseline 0.001 -22"><span class='ocrx_word' id='word_1_99' title='bbox 267 1637 338 1702; x_wconf 90' lang='lat' dir='ltr'>vel</span> <span class='ocrx_word' id='word_1_100' title='bbox 367 1638 464 1722; x_wconf 91' lang='lat' dir='ltr'>ipsa</span> <span class='ocrx_word' id='word_1_101' title='bbox 494 1637 634 1724; x_wconf 82' lang='lat' dir='ltr'>stirpe</span> <span class='ocrx_word' id='word_1_102' title='bbox 665 1637 794 1724; x_wconf 88' lang='lat' dir='ltr'>plane</span> <span class='ocrx_word' id='word_1_103' title='bbox 827 1637 1099 1724; x_wconf 86' lang='lat' dir='ltr'>discrepant:</span> 
     </span>
    </p>

    <p class='ocr_par' dir='ltr' id='par_1_5' title="bbox 267 1734 1551 1920">
     <span class='ocr_line' id='line_1_14' title="bbox 373 1734 1551 1822; baseline 0.003 -22"><span class='ocrx_word' id='word_1_104' title='bbox 373 1734 578 1820; x_wconf 85' lang='grc' dir='ltr'><strong><em>τυραννίς.</em></strong></span> <span class='ocrx_word' id='word_1_105' title='bbox 620 1735 657 1801; x_wconf 89' lang='lat' dir='ltr'>fr.</span> <span class='ocrx_word' id='word_1_106' title='bbox 674 1736 759 1821; x_wconf 80' lang='grc'>71,2</span> <span class='ocrx_word' id='word_1_107' title='bbox 781 1739 825 1808; x_wconf 86' lang='grc' dir='ltr'>τίς</span> <span class='ocrx_word' id='word_1_108' title='bbox 849 1786 855 1801; x_wconf 91' lang='grc'><strong><em>.</em></strong></span> <span class='ocrx_word' id='word_1_109' title='bbox 880 1785 886 1802; x_wconf 91' lang='grc'><strong><em>.</em></strong></span> <span class='ocrx_word' id='word_1_110' title='bbox 910 1739 979 1820; x_wconf 80' lang='grc' dir='ltr'><strong><em>βίος</em></strong></span> <span class='ocrx_word' id='word_1_111' title='bbox 1001 1738 1153 1808; x_wconf 84' lang='grc' dir='ltr'><strong><em>ποθεινός</em></strong></span> <span class='ocrx_word' id='word_1_112' title='bbox 1176 1741 1195 1821; x_wconf 84' lang='grc' dir='ltr'><em>ἢ</em></span> <span class='ocrx_word' id='word_1_113' title='bbox 1219 1741 1295 1802; x_wconf 87' lang='grc' dir='ltr'><strong><em>ποία</em></strong></span> <span class='ocrx_word' id='word_1_114' title='bbox 1317 1741 1481 1822; x_wconf 82' lang='grc' dir='ltr'><strong><em>τοραννίς,·</em></strong></span> <span class='ocrx_word' id='word_1_115' title='bbox 1504 1738 1551 1803; x_wconf 90' lang='lat' dir='ltr'>De</span> 
     </span>
     <span class='ocr_line' id='line_1_15' title="bbox 267 1831 1207 1920; baseline 0.003 -22"><span class='ocrx_word' id='word_1_116' title='bbox 267 1831 331 1898; x_wconf 87' lang='lat' dir='ltr'>hac</span> <span class='ocrx_word' id='word_1_117' title='bbox 353 1853 435 1899; x_wconf 90' lang='lat' dir='ltr'>voce</span> <span class='ocrx_word' id='word_1_118' title='bbox 460 1833 651 1899; x_wconf 87' lang='lat' dir='ltr'>conferatur</span> <span class='ocrx_word' id='word_1_119' title='bbox 673 1833 803 1917; x_wconf 84' lang='lat' dir='ltr'>Weigel</span> <span class='ocrx_word' id='word_1_120' title='bbox 825 1833 845 1899; x_wconf 94' lang='lat' dir='ltr'>l.</span> <span class='ocrx_word' id='word_1_121' title='bbox 862 1855 887 1900; x_wconf 90' lang='grc' dir='ltr'>ο.</span> <span class='ocrx_word' id='word_1_122' title='bbox 910 1856 941 1920; x_wconf 92' lang='lat' dir='ltr'>p.</span> <span class='ocrx_word' id='word_1_123' title='bbox 957 1833 1023 1900; x_wconf 91' lang='grc'>216</span> <span class='ocrx_word' id='word_1_124' title='bbox 1047 1839 1162 1900; x_wconf 86' lang='lat' dir='ltr'>annot.</span> <span class='ocrx_word' id='word_1_125' title='bbox 1179 1835 1207 1902; x_wconf 88' lang='lat'>3.</span> 
     </span>
    </p>

    <p class='ocr_par' dir='ltr' id='par_1_6' title="bbox 265 1930 1626 2307">
     <span class='ocr_line' id='line_1_16' title="bbox 374 1930 1551 2018; baseline 0.002 -22"><span class='ocrx_word' id='word_1_126' title='bbox 374 1933 516 2014; x_wconf 90' lang='grc' dir='ltr'><strong><em>ψόγος.</em></strong></span> <span class='ocrx_word' id='word_1_127' title='bbox 548 1930 586 1997; x_wconf 85' lang='lat' dir='ltr'>fr.</span> <span class='ocrx_word' id='word_1_128' title='bbox 603 1931 664 2013; x_wconf 83' lang='lat'>5‚2</span> <span class='ocrx_word' id='word_1_129' title='bbox 687 1935 762 1997; x_wconf 79' lang='grc' dir='ltr'><strong><em>ἄνευ</em></strong></span> <span class='ocrx_word' id='word_1_130' title='bbox 785 1935 901 2016; x_wconf 85' lang='grc' dir='ltr'><strong><em>ψόγου.</em></strong></span> <span class='ocrx_word' id='word_1_131' title='bbox 932 1931 1004 1997; x_wconf 82' lang='lat' dir='ltr'>Hoc</span> <span class='ocrx_word' id='word_1_132' title='bbox 1027 1931 1280 1998; x_wconf 81' lang='lat' dir='ltr'>substantivum</span> <span class='ocrx_word' id='word_1_133' title='bbox 1303 1932 1448 2018; x_wconf 87' lang='lat' dir='ltr'>primum</span> <span class='ocrx_word' id='word_1_134' title='bbox 1473 1954 1551 2000; x_wconf 82' lang='lat' dir='ltr'>con·</span> 
     </span>
     <span class='ocr_line' id='line_1_17' title="bbox 265 2027 1550 2116; baseline 0.007 -23"><span class='ocrx_word' id='word_1_135' title='bbox 265 2027 351 2094; x_wconf 84' lang='lat' dir='ltr'>ferre</span> <span class='ocrx_word' id='word_1_136' title='bbox 374 2029 452 2095; x_wconf 89' lang='lat' dir='ltr'>licet</span> <span class='ocrx_word' id='word_1_137' title='bbox 468 2049 519 2115; x_wconf 92' lang='lat' dir='ltr'>ap.</span> <span class='ocrx_word' id='word_1_138' title='bbox 535 2027 731 2115; x_wconf 79' lang='lat' dir='ltr'>Xenophon.</span> <span class='ocrx_word' id='word_1_139' title='bbox 755 2029 793 2095; x_wconf 90' lang='lat' dir='ltr'>fr.</span> <span class='ocrx_word' id='word_1_140' title='bbox 814 2029 894 2111; x_wconf 86' lang='lat'>11‚2</span> <span class='ocrx_word' id='word_1_141' title='bbox 911 2030 1037 2116; x_wconf 87' lang='lat' dir='ltr'>(Diels),</span> <span class='ocrx_word' id='word_1_142' title='bbox 1062 2030 1181 2096; x_wconf 90' lang='lat' dir='ltr'>deinde</span> <span class='ocrx_word' id='word_1_143' title='bbox 1198 2029 1291 2098; x_wconf 89' lang='lat' dir='ltr'>Pind.</span> <span class='ocrx_word' id='word_1_144' title='bbox 1307 2029 1401 2099; x_wconf 88' lang='lat' dir='ltr'>Nem.</span> <span class='ocrx_word' id='word_1_145' title='bbox 1418 2029 1550 2114; x_wconf 86' lang='lat' dir='ltr'>Vll,61‚</span> 
     </span>
     <span class='ocr_line' id='line_1_18' title="bbox 267 2125 1552 2214; baseline 0.002 -23"><span class='ocrx_word' id='word_1_146' title='bbox 267 2125 470 2192; x_wconf 86' lang='lat' dir='ltr'>adiectivum</span> <span class='ocrx_word' id='word_1_147' title='bbox 493 2125 683 2194; x_wconf 86' lang='lat' dir='ltr'>derivatum</span> <span class='ocrx_word' id='word_1_148' title='bbox 698 2129 840 2212; x_wconf 85' lang='grc' dir='ltr'><strong><em>ψογερός</em></strong></span> <span class='ocrx_word' id='word_1_149' title='bbox 854 2127 952 2214; x_wconf 81' lang='lat' dir='ltr'>Pyth.</span> <span class='ocrx_word' id='word_1_150' title='bbox 968 2127 1006 2212; x_wconf 79' lang='grc' dir='ltr'>ΙΙ,</span> <span class='ocrx_word' id='word_1_151' title='bbox 1015 2128 1067 2194; x_wconf 84' lang='grc'>55.</span> <span class='ocrx_word' id='word_1_152' title='bbox 1107 2126 1248 2214; x_wconf 76' lang='lat' dir='ltr'>Saepius</span> <span class='ocrx_word' id='word_1_153' title='bbox 1265 2127 1427 2194; x_wconf 88' lang='lat' dir='ltr'>exhibent</span> <span class='ocrx_word' id='word_1_154' title='bbox 1442 2133 1552 2213; x_wconf 82' lang='grc' dir='ltr'><strong><em>ψέγειν</em></strong></span> 
     </span>
     <span class='ocr_line' id='line_1_19' title="bbox 267 2225 563 2307; baseline 0.007 -17"><span class='ocrx_word' id='word_1_155' title='bbox 267 2225 301 2290; x_wconf 87' lang='lat' dir='ltr'>et</span> <span class='ocrx_word' id='word_1_156' title='bbox 323 2225 427 2307; x_wconf 81' lang='grc' dir='ltr'><strong><em>ψόγος</em></strong></span> <span class='ocrx_word' id='word_1_157' title='bbox 450 2225 563 2292; x_wconf 78' lang='lat' dir='ltr'>Attici.</span> 
     </span>
    </p>

    <p class='ocr_par' dir='ltr' id='par_1_7' title="bbox 265 2289 1626 3048">
     <span class='ocr_line' id='line_1_20' title="bbox 375 2321 1552 2410; baseline 0.006 -26"><span class='ocrx_word' id='word_1_158' title='bbox 375 2323 609 2394; x_wconf 81' lang='grc' dir='ltr'><strong><em>ἀκίνδυνος.</em></strong></span> <span class='ocrx_word' id='word_1_159' title='bbox 654 2321 693 2388; x_wconf 84' lang='lat' dir='ltr'>fr.</span> <span class='ocrx_word' id='word_1_160' title='bbox 710 2323 793 2404; x_wconf 76' lang='lat' dir='ltr'>3ss‚3</span> <span class='ocrx_word' id='word_1_161' title='bbox 817 2325 939 2388; x_wconf 82' lang='grc' dir='ltr'><strong><em>ἄπονον</em></strong></span> <span class='ocrx_word' id='word_1_162' title='bbox 962 2325 1033 2388; x_wconf 79' lang='grc' dir='ltr'><strong><em>οὐδ’</em></strong></span> <span class='ocrx_word' id='word_1_163' title='bbox 1051 2326 1188 2407; x_wconf 82' lang='grc' dir='ltr'><strong><em>ἅψθιτον</em></strong></span> <span class='ocrx_word' id='word_1_164' title='bbox 1205 2325 1275 2389; x_wconf 79' lang='grc' dir='ltr'><strong><em>οὐδ’</em></strong></span> <span class='ocrx_word' id='word_1_165' title='bbox 1294 2325 1466 2390; x_wconf 82' lang='grc' dir='ltr'><strong><em>ἀκίνδυνον</em></strong></span> <span class='ocrx_word' id='word_1_166' title='bbox 1482 2327 1552 2410; x_wconf 79' lang='grc' dir='ltr'><strong><em>βίον</em></strong></span> 
     </span>
     <span class='ocr_line' id='line_1_21' title="bbox 265 2417 1551 2507; baseline 0.003 -23"><span class='ocrx_word' id='word_1_167' title='bbox 265 2417 304 2484; x_wconf 83' lang='lat' dir='ltr'>fr.</span> <span class='ocrx_word' id='word_1_168' title='bbox 328 2418 371 2484; x_wconf 88' lang='grc'>66</span> <span class='ocrx_word' id='word_1_169' title='bbox 402 2421 571 2484; x_wconf 79' lang='grc' dir='ltr'><strong><em>ἀκίνδυνον</em></strong></span> <span class='ocrx_word' id='word_1_170' title='bbox 602 2423 703 2504; x_wconf 86' lang='grc' dir='ltr'><strong><em>γέρας.</em></strong></span> <span class='ocrx_word' id='word_1_171' title='bbox 749 2421 906 2492; x_wconf 81' lang='grc' dir='ltr'><strong><em>Κίνόσνος</em></strong></span> <span class='ocrx_word' id='word_1_172' title='bbox 937 2423 972 2486; x_wconf 91' lang='lat' dir='ltr'>et</span> <span class='ocrx_word' id='word_1_173' title='bbox 1003 2423 1188 2506; x_wconf 79' lang='lat' dir='ltr'>composita</span> <span class='ocrx_word' id='word_1_174' title='bbox 1211 2422 1254 2488; x_wconf 89' lang='lat' dir='ltr'>ab</span> <span class='ocrx_word' id='word_1_175' title='bbox 1279 2422 1371 2507; x_wconf 91' lang='lat' dir='ltr'>epioo</span> <span class='ocrx_word' id='word_1_176' title='bbox 1395 2443 1551 2489; x_wconf 89' lang='lat' dir='ltr'>sermone</span> 
     </span>
     <span class='ocr_line' id='line_1_22' title="bbox 266 2515 1550 2605; baseline 0.002 -23"><span class='ocrx_word' id='word_1_177' title='bbox 266 2517 346 2582; x_wconf 88' lang='lat' dir='ltr'>sunt</span> <span class='ocrx_word' id='word_1_178' title='bbox 368 2515 467 2602; x_wconf 91' lang='lat' dir='ltr'>plane</span> <span class='ocrx_word' id='word_1_179' title='bbox 491 2516 652 2604; x_wconf 58' lang='lat' dir='ltr'>alienae)</span> <span class='ocrx_word' id='word_1_180' title='bbox 676 2537 785 2604; x_wconf 91' lang='lat' dir='ltr'>neque</span> <span class='ocrx_word' id='word_1_181' title='bbox 810 2520 871 2583; x_wconf 87' lang='lat' dir='ltr'>aut</span> <span class='ocrx_word' id='word_1_182' title='bbox 894 2540 915 2584; x_wconf 88' lang='lat' dir='ltr'>a</span> <span class='ocrx_word' id='word_1_183' title='bbox 938 2517 1049 2604; x_wconf 77' lang='lat' dir='ltr'>lyricis</span> <span class='ocrx_word' id='word_1_184' title='bbox 1073 2522 1133 2584; x_wconf 89' lang='lat' dir='ltr'>aut</span> <span class='ocrx_word' id='word_1_185' title='bbox 1157 2539 1178 2583; x_wconf 89' lang='lat' dir='ltr'>a</span> <span class='ocrx_word' id='word_1_186' title='bbox 1201 2521 1336 2602; x_wconf 81' lang='lat' dir='ltr'>tragicis</span> <span class='ocrx_word' id='word_1_187' title='bbox 1355 2520 1465 2605; x_wconf 89' lang='lat' dir='ltr'>poetis</span> <span class='ocrx_word' id='word_1_188' title='bbox 1491 2541 1550 2586; x_wconf 87' lang='lat' dir='ltr'>ex-</span> 
     </span>
     <span class='ocr_line' id='line_1_23' title="bbox 266 2612 1550 2703; baseline 0.003 -23"><span class='ocrx_word' id='word_1_189' title='bbox 266 2616 361 2699; x_wconf 91' lang='lat' dir='ltr'>cepto</span> <span class='ocrx_word' id='word_1_190' title='bbox 385 2612 540 2700; x_wconf 79' lang='lat' dir='ltr'>Euripide</span> <span class='ocrx_word' id='word_1_191' title='bbox 562 2614 613 2681; x_wconf 89' lang='lat' dir='ltr'>ita</span> <span class='ocrx_word' id='word_1_192' title='bbox 634 2613 862 2703; x_wconf 81' lang='lat' dir='ltr'>frequentata,</span> <span class='ocrx_word' id='word_1_193' title='bbox 896 2619 935 2681; x_wconf 90' lang='lat' dir='ltr'>ut</span> <span class='ocrx_word' id='word_1_194' title='bbox 962 2616 997 2680; x_wconf 93' lang='lat' dir='ltr'>in</span> <span class='ocrx_word' id='word_1_195' title='bbox 1020 2637 1120 2702; x_wconf 91' lang='lat' dir='ltr'>prosa</span> <span class='ocrx_word' id='word_1_196' title='bbox 1142 2617 1270 2701; x_wconf 79' lang='lat' dir='ltr'>Attica3</span> <span class='ocrx_word' id='word_1_197' title='bbox 1301 2620 1436 2703; x_wconf 89' lang='lat' dir='ltr'>praesto</span> <span class='ocrx_word' id='word_1_198' title='bbox 1461 2619 1550 2684; x_wconf 91' lang='lat' dir='ltr'>enim</span> 
     </span>
     <span class='ocr_line' id='line_1_24' title="bbox 266 2711 1549 2798; baseline 0.005 -21"><span class='ocrx_word' id='word_1_199' title='bbox 266 2714 347 2777; x_wconf 92' lang='lat' dir='ltr'>sunt</span> <span class='ocrx_word' id='word_1_200' title='bbox 369 2733 438 2778; x_wconf 90' lang='lat' dir='ltr'>nou</span> <span class='ocrx_word' id='word_1_201' title='bbox 460 2711 526 2778; x_wconf 89' lang='lat' dir='ltr'>nisi</span> <span class='ocrx_word' id='word_1_202' title='bbox 546 2711 656 2779; x_wconf 92' lang='lat' dir='ltr'>Solon.</span> <span class='ocrx_word' id='word_1_203' title='bbox 672 2714 722 2797; x_wconf 85' lang='lat'>13,</span> <span class='ocrx_word' id='word_1_204' title='bbox 732 2713 775 2780; x_wconf 88' lang='grc'>65</span> <span class='ocrx_word' id='word_1_205' title='bbox 790 2747 818 2767; x_wconf 96' lang='lat'><strong><em>=</em></strong></span> <span class='ocrx_word' id='word_1_206' title='bbox 833 2714 979 2797; x_wconf 81' lang='lat' dir='ltr'>Theogn.</span> <span class='ocrx_word' id='word_1_207' title='bbox 996 2713 1061 2780; x_wconf 82' lang='lat'>585</span> <span class='ocrx_word' id='word_1_208' title='bbox 1085 2713 1231 2798; x_wconf 84' lang='lat' dir='ltr'>Theogn.</span> <span class='ocrx_word' id='word_1_209' title='bbox 1248 2715 1333 2782; x_wconf 89' lang='grc'>557.</span> <span class='ocrx_word' id='word_1_210' title='bbox 1347 2715 1413 2782; x_wconf 89' lang='grc'>637</span> <span class='ocrx_word' id='word_1_211' title='bbox 1436 2715 1549 2783; x_wconf 86' lang='lat' dir='ltr'>Aleae.</span> 
     </span>
     <span class='ocr_line' id='line_1_25' title="bbox 268 2809 1550 2899; baseline 0.005 -25"><span class='ocrx_word' id='word_1_212' title='bbox 268 2809 331 2875; x_wconf 87' lang='grc'>138</span> <span class='ocrx_word' id='word_1_213' title='bbox 355 2809 477 2896; x_wconf 89' lang='lat' dir='ltr'>Sapph.</span> <span class='ocrx_word' id='word_1_214' title='bbox 495 2809 558 2876; x_wconf 87' lang='grc'>161</span> <span class='ocrx_word' id='word_1_215' title='bbox 576 2809 732 2899; x_wconf 78' lang='lat' dir='ltr'>(Aeolica</span> <span class='ocrx_word' id='word_1_216' title='bbox 750 2813 857 2878; x_wconf 79' lang='lat' dir='ltr'>forma</span> <span class='ocrx_word' id='word_1_217' title='bbox 879 2815 988 2878; x_wconf 81' lang='grc' dir='ltr'><strong><em>κίνόον</em></strong></span> <span class='ocrx_word' id='word_1_218' title='bbox 1012 2810 1102 2898; x_wconf 89' lang='lat' dir='ltr'>apud</span> <span class='ocrx_word' id='word_1_219' title='bbox 1124 2811 1325 2899; x_wconf 82' lang='lat' dir='ltr'>utrumque),</span> <span class='ocrx_word' id='word_1_220' title='bbox 1348 2833 1446 2899; x_wconf 89' lang='lat' dir='ltr'>porro</span> <span class='ocrx_word' id='word_1_221' title='bbox 1469 2813 1550 2880; x_wconf 88' lang='lat' dir='ltr'>Pin-</span> 
     </span>
     <span class='ocr_line' id='line_1_26' title="bbox 266 2907 1626 3048; baseline 0.004 -76"><span class='ocrx_word' id='word_1_222' title='bbox 266 2907 337 2973; x_wconf 92' lang='lat' dir='ltr'>dari</span> <span class='ocrx_word' id='word_1_223' title='bbox 366 2907 429 2974; x_wconf 92' lang='lat' dir='ltr'>loci</span> <span class='ocrx_word' id='word_1_224' title='bbox 461 2907 583 2992; x_wconf 86' lang='lat' dir='ltr'>decem,</span> <span class='ocrx_word' id='word_1_225' title='bbox 614 2909 773 2998; x_wconf 87' lang='lat' dir='ltr'>Aeschyli</span> <span class='ocrx_word' id='word_1_226' title='bbox 804 2913 972 2997; x_wconf 88' lang='lat' dir='ltr'>quattuor,</span> <span class='ocrx_word' id='word_1_227' title='bbox 1008 2908 1181 2996; x_wconf 85' lang='lat' dir='ltr'>Sophoclis</span> <span class='ocrx_word' id='word_1_228' title='bbox 1215 2908 1291 2993; x_wconf 93' lang='lat' dir='ltr'>duo,</span> <span class='ocrx_word' id='word_1_229' title='bbox 1325 2931 1409 2997; x_wconf 87' lang='lat' dir='ltr'>quos</span> <span class='ocrx_word' id='word_1_230' title='bbox 1443 2911 1550 2978; x_wconf 85' lang='lat' dir='ltr'>affere</span> <span class='ocrx_word' id='word_1_231' title='bbox 1625 2987 1626 3048; x_wconf 36' lang='grc' dir='ltr'><strong><em>ρ</em></strong></span> 
     </span>
    </p>
   </div>
   <div class='ocr_carea' id='block_1_4' title="bbox 263 3005 1550 3192">
    <p class='ocr_par' dir='ltr' id='par_1_8' title="bbox 263 3005 1626 3192">
     <span class='ocr_line' id='line_1_27' title="bbox 263 3005 1550 3092; baseline 0.003 -22"><span class='ocrx_word' id='word_1_232' title='bbox 263 3005 400 3088; x_wconf 84' lang='lat' dir='ltr'>longum</span> <span class='ocrx_word' id='word_1_233' title='bbox 425 3009 485 3072; x_wconf 89' lang='lat' dir='ltr'>est.</span> <span class='ocrx_word' id='word_1_234' title='bbox 530 3008 712 3080; x_wconf 79' lang='grc' dir='ltr'><strong><em>Ἀκίνόονος</em></strong></span> <span class='ocrx_word' id='word_1_235' title='bbox 734 3011 803 3092; x_wconf 86' lang='grc' dir='ltr'><strong><em>βίος</em></strong></span> <span class='ocrx_word' id='word_1_236' title='bbox 831 3008 918 3074; x_wconf 87' lang='lat' dir='ltr'>siout</span> <span class='ocrx_word' id='word_1_237' title='bbox 941 3006 1030 3092; x_wconf 87' lang='lat' dir='ltr'>apud</span> <span class='ocrx_word' id='word_1_238' title='bbox 1054 3007 1259 3073; x_wconf 83' lang='lat' dir='ltr'>Simonidem</span> <span class='ocrx_word' id='word_1_239' title='bbox 1282 3009 1303 3074; x_wconf 86' lang='lat' dir='ltr'>l.</span> <span class='ocrx_word' id='word_1_240' title='bbox 1328 3029 1352 3074; x_wconf 90' lang='lat' dir='ltr'>c.</span> <span class='ocrx_word' id='word_1_241' title='bbox 1376 3009 1550 3075; x_wconf 83' lang='lat' dir='ltr'>invenitur</span> 
     </span>
     <span class='ocr_line' id='line_1_28' title="bbox 265 3103 1548 3192; baseline 0.002 -22"><span class='ocrx_word' id='word_1_242' title='bbox 265 3125 315 3190; x_wconf 91' lang='lat' dir='ltr'>ap.</span> <span class='ocrx_word' id='word_1_243' title='bbox 339 3103 448 3190; x_wconf 85' lang='lat' dir='ltr'>Eurip.</span> <span class='ocrx_word' id='word_1_244' title='bbox 465 3104 533 3190; x_wconf 88' lang='lat' dir='ltr'>Iph.</span> <span class='ocrx_word' id='word_1_245' title='bbox 549 3107 587 3170; x_wconf 91' lang='lat' dir='ltr'>A.</span> <span class='ocrx_word' id='word_1_246' title='bbox 604 3104 644 3172; x_wconf 96' lang='grc'>17</span> <span class='ocrx_word' id='word_1_247' title='bbox 675 3105 759 3171; x_wconf 93' lang='lat' dir='ltr'>Med.</span> <span class='ocrx_word' id='word_1_248' title='bbox 776 3105 851 3187; x_wconf 83' lang='lat'>248,</span> <span class='ocrx_word' id='word_1_249' title='bbox 877 3107 1045 3176; x_wconf 82' lang='grc' dir='ltr'><strong><em>ἀκίνδυνος</em></strong></span> <span class='ocrx_word' id='word_1_250' title='bbox 1068 3108 1166 3171; x_wconf 72' lang='grc' dir='ltr'><strong><em>αἰῶνι</em></strong></span> <span class='ocrx_word' id='word_1_251' title='bbox 1189 3105 1548 3192; x_wconf 85' lang='lat' dir='ltr'>Pind.Pyth.lV,186.</span> 
     </span>
    </p>
   </div>
   <div class='ocr_carea' id='block_1_5' title="bbox 262 3165 1626 3876">
    <p class='ocr_par' dir='ltr' id='par_1_9' title="bbox 262 3165 1626 3876">
     <span class='ocr_line' id='line_1_29' title="bbox 373 3165 1626 3291; baseline 0.004 -25"><span class='ocrx_word' id='word_1_252' title='bbox 373 3204 546 3274; x_wconf 79' lang='grc' dir='ltr'><strong><em>ἀλίθιος.</em></strong></span> <span class='ocrx_word' id='word_1_253' title='bbox 574 3201 626 3268; x_wconf 73' lang='lat' dir='ltr'>‘fn</span> <span class='ocrx_word' id='word_1_254' title='bbox 643 3203 704 3285; x_wconf 86' lang='lat'>5,5</span> <span class='ocrx_word' id='word_1_255' title='bbox 736 3210 800 3268; x_wconf 86' lang='grc' dir='ltr'>τῶν</span> <span class='ocrx_word' id='word_1_256' title='bbox 824 3204 885 3287; x_wconf 85' lang='grc' dir='ltr'><strong><em>γὰρ</em></strong></span> <span class='ocrx_word' id='word_1_257' title='bbox 919 3205 1053 3268; x_wconf 82' lang='grc' dir='ltr'><strong><em>ἀίιθίιον</em></strong></span> <span class='ocrx_word' id='word_1_258' title='bbox 1088 3207 1228 3288; x_wconf 83' lang='grc' dir='ltr'><strong><em>ἀπείρων</em></strong></span> <span class='ocrx_word' id='word_1_259' title='bbox 1259 3207 1401 3287; x_wconf 78' lang='grc' dir='ltr'><strong><em>γενέθλα.</em></strong></span> <span class='ocrx_word' id='word_1_260' title='bbox 1448 3205 1549 3291; x_wconf 84' lang='lat' dir='ltr'>Apud</span> <span class='ocrx_word' id='word_1_261' title='bbox 1625 3165 1626 3252; x_wconf 77' lang='lat' dir='ltr'>l</span> 
     </span>
     <span class='ocr_line' id='line_1_30' title="bbox 265 3298 1626 3387; baseline 0.004 -23"><span class='ocrx_word' id='word_1_262' title='bbox 265 3299 375 3385; x_wconf 87' lang='lat' dir='ltr'>epicos</span> <span class='ocrx_word' id='word_1_263' title='bbox 397 3298 583 3386; x_wconf 88' lang='lat' dir='ltr'>lyricosque</span> <span class='ocrx_word' id='word_1_264' title='bbox 600 3303 680 3366; x_wconf 92' lang='lat' dir='ltr'>ante</span> <span class='ocrx_word' id='word_1_265' title='bbox 697 3299 874 3366; x_wconf 88' lang='lat' dir='ltr'>Simonidis</span> <span class='ocrx_word' id='word_1_266' title='bbox 891 3303 1040 3367; x_wconf 85' lang='lat' dir='ltr'>aetatem</span> <span class='ocrx_word' id='word_1_267' title='bbox 1055 3302 1154 3387; x_wconf 92' lang='lat' dir='ltr'>plane</span> <span class='ocrx_word' id='word_1_268' title='bbox 1171 3301 1389 3384; x_wconf 87' lang='lat' dir='ltr'>desideratur,</span> <span class='ocrx_word' id='word_1_269' title='bbox 1413 3303 1550 3369; x_wconf 83' lang='lat' dir='ltr'>videtur</span> <span class='ocrx_word' id='word_1_270' title='bbox 1625 3331 1626 3380; x_wconf 64' lang='lat' dir='ltr'>i</span> 
     </span>
     <span class='ocr_line' id='line_1_31' title="bbox 265 3398 1547 3486; baseline 0.006 -24"><span class='ocrx_word' id='word_1_271' title='bbox 265 3399 380 3463; x_wconf 90' lang='lat' dir='ltr'>autem</span> <span class='ocrx_word' id='word_1_272' title='bbox 403 3399 547 3464; x_wconf 89' lang='lat' dir='ltr'>sermoni</span> <span class='ocrx_word' id='word_1_273' title='bbox 569 3399 681 3464; x_wconf 89' lang='lat' dir='ltr'>Attico</span> <span class='ocrx_word' id='word_1_274' title='bbox 711 3398 872 3484; x_wconf 86' lang='lat' dir='ltr'>imprimis</span> <span class='ocrx_word' id='word_1_275' title='bbox 897 3419 971 3464; x_wconf 91' lang='lat' dir='ltr'>esse</span> <span class='ocrx_word' id='word_1_276' title='bbox 999 3399 1180 3485; x_wconf 82' lang='lat' dir='ltr'>proprium3</span> <span class='ocrx_word' id='word_1_277' title='bbox 1211 3403 1388 3485; x_wconf 89' lang='lat' dir='ltr'>poetarum</span> <span class='ocrx_word' id='word_1_278' title='bbox 1412 3399 1547 3486; x_wconf 89' lang='lat' dir='ltr'>quidem</span> 
     </span>
     <span class='ocr_line' id='line_1_32' title="bbox 262 3493 1626 3584; baseline 0.001 -22"><span class='ocrx_word' id='word_1_279' title='bbox 262 3493 451 3562; x_wconf 83' lang='lat' dir='ltr'>Atticorum</span> <span class='ocrx_word' id='word_1_280' title='bbox 474 3495 564 3561; x_wconf 83' lang='lat' dir='ltr'>locos</span> <span class='ocrx_word' id='word_1_281' title='bbox 588 3495 795 3563; x_wconf 85' lang='lat' dir='ltr'>excussimus</span> <span class='ocrx_word' id='word_1_282' title='bbox 819 3495 932 3562; x_wconf 87' lang='lat' dir='ltr'>hosce:</span> <span class='ocrx_word' id='word_1_283' title='bbox 964 3499 1101 3581; x_wconf 74' lang='grc' dir='ltr'><strong><em>ἠίίθιοςε</em></strong></span> <span class='ocrx_word' id='word_1_284' title='bbox 1125 3497 1278 3584; x_wconf 87' lang='lat' dir='ltr'>Aeschyl.</span> <span class='ocrx_word' id='word_1_285' title='bbox 1302 3498 1362 3580; x_wconf 83' lang='lat' dir='ltr'>Ag.</span> <span class='ocrx_word' id='word_1_286' title='bbox 1380 3496 1446 3563; x_wconf 88' lang='grc'>366</span> <span class='ocrx_word' id='word_1_287' title='bbox 1471 3497 1546 3564; x_wconf 81' lang='lat' dir='ltr'>Eur.</span> <span class='ocrx_word' id='word_1_288' title='bbox 1625 3497 1626 3576; x_wconf 70' lang='lat' dir='ltr'>l</span> 
     </span>
     <span class='ocr_line' id='line_1_33' title="bbox 265 3591 1547 3681; baseline 0.002 -23"><span class='ocrx_word' id='word_1_289' title='bbox 265 3591 350 3680; x_wconf 82' lang='lat' dir='ltr'>Cycl.</span> <span class='ocrx_word' id='word_1_290' title='bbox 367 3593 432 3659; x_wconf 95' lang='grc'>537</span> <span class='ocrx_word' id='word_1_291' title='bbox 449 3592 570 3660; x_wconf 83' lang='lat' dir='ltr'>Cratin.</span> <span class='ocrx_word' id='word_1_292' title='bbox 585 3593 623 3659; x_wconf 87' lang='lat' dir='ltr'>fr.</span> <span class='ocrx_word' id='word_1_293' title='bbox 632 3594 677 3660; x_wconf 89' lang='lat'>40</span> <span class='ocrx_word' id='word_1_294' title='bbox 700 3593 815 3680; x_wconf 78' lang='lat' dir='ltr'>Eupol.</span> <span class='ocrx_word' id='word_1_295' title='bbox 831 3593 870 3662; x_wconf 84' lang='lat' dir='ltr'>ir.</span> <span class='ocrx_word' id='word_1_296' title='bbox 891 3595 994 3679; x_wconf 68' lang='lat' dir='ltr'>leue</span> <span class='ocrx_word' id='word_1_297' title='bbox 1017 3595 1184 3681; x_wconf 91' lang='lat' dir='ltr'>Aristoph.</span> <span class='ocrx_word' id='word_1_298' title='bbox 1201 3595 1281 3660; x_wconf 91' lang='lat' dir='ltr'>th.</span> <span class='ocrx_word' id='word_1_299' title='bbox 1294 3593 1360 3661; x_wconf 84' lang='lat'>443</span> <span class='ocrx_word' id='word_1_300' title='bbox 1376 3595 1463 3662; x_wconf 91' lang='lat' dir='ltr'>Nub.</span> <span class='ocrx_word' id='word_1_301' title='bbox 1481 3596 1547 3663; x_wconf 89' lang='grc'>870</span> 
     </span>
     <span class='ocr_line' id='line_1_34' title="bbox 263 3689 1546 3779; baseline 0.005 -25"><span class='ocrx_word' id='word_1_302' title='bbox 263 3691 325 3756; x_wconf 91' lang='lat' dir='ltr'>Av.</span> <span class='ocrx_word' id='word_1_303' title='bbox 342 3689 406 3756; x_wconf 89' lang='grc'>523</span> <span class='ocrx_word' id='word_1_304' title='bbox 420 3741 427 3758; x_wconf 92' lang='grc'><strong><em>.</em></strong></span> <span class='ocrx_word' id='word_1_305' title='bbox 442 3691 527 3758; x_wconf 88' lang='grc'>1604</span> <span class='ocrx_word' id='word_1_306' title='bbox 551 3691 750 3779; x_wconf 80' lang='lat' dir='ltr'>Thesmoph.</span> <span class='ocrx_word' id='word_1_307' title='bbox 767 3691 832 3758; x_wconf 84' lang='grc'>290</span> <span class='ocrx_word' id='word_1_308' title='bbox 845 3742 852 3757; x_wconf 94' lang='grc'><strong><em>.</em></strong></span> <span class='ocrx_word' id='word_1_309' title='bbox 865 3692 930 3758; x_wconf 85' lang='grc'>593</span> <span class='ocrx_word' id='word_1_310' title='bbox 961 3692 1044 3759; x_wconf 84' lang='lat' dir='ltr'>Rau.</span> <span class='ocrx_word' id='word_1_311' title='bbox 1062 3693 1126 3760; x_wconf 86' lang='grc'>917</span> <span class='ocrx_word' id='word_1_312' title='bbox 1151 3691 1273 3758; x_wconf 80' lang='grc' dir='ltr'><strong><em>ΕσοΙεε.</em></strong></span> <span class='ocrx_word' id='word_1_313' title='bbox 1289 3692 1368 3776; x_wconf 89' lang='grc'>765;</span> <span class='ocrx_word' id='word_1_314' title='bbox 1392 3695 1546 3777; x_wconf 76' lang='grc' dir='ltr'><strong><em>ἠλιθιόωι</em></strong></span> 
     </span>
     <span class='ocr_line' id='line_1_35' title="bbox 262 3787 1544 3876; baseline 0.005 -24"><span class='ocrx_word' id='word_1_315' title='bbox 262 3787 416 3876; x_wconf 89' lang='lat' dir='ltr'>Aeschyl.</span> <span class='ocrx_word' id='word_1_316' title='bbox 432 3787 539 3855; x_wconf 89' lang='lat' dir='ltr'>Prom.</span> <span class='ocrx_word' id='word_1_317' title='bbox 559 3789 660 3874; x_wconf 79' lang='lat'>10813</span> <span class='ocrx_word' id='word_1_318' title='bbox 683 3790 855 3874; x_wconf 77' lang='grc' dir='ltr'><strong><em>ἠλιθιάζωε</em></strong></span> <span class='ocrx_word' id='word_1_319' title='bbox 880 3790 1046 3876; x_wconf 89' lang='lat' dir='ltr'>Aristoph.</span> <span class='ocrx_word' id='word_1_320' title='bbox 1071 3789 1152 3876; x_wconf 77' lang='lat' dir='ltr'>Equ.</span> <span class='ocrx_word' id='word_1_321' title='bbox 1170 3791 1265 3856; x_wconf 84' lang='lat'>1124.</span> <span class='ocrx_word' id='word_1_322' title='bbox 1301 3789 1373 3856; x_wconf 90' lang='lat' dir='ltr'>Vid.</span> <span class='ocrx_word' id='word_1_323' title='bbox 1397 3790 1544 3858; x_wconf 91' lang='lat' dir='ltr'>Moerid:</span> 
     </span>
    </p>
   </div>
   <div class='ocr_carea' id='block_1_6' title="bbox 263 3933 477 3943">
    <p class='ocr_par' dir='ltr' id='par_1_10' title="bbox 263 3933 477 3943">
     <span class='ocr_line' id='line_1_36' title="bbox 263 3933 477 3943; baseline 0.009 -3"><span class='ocrx_word' id='word_1_324' title='bbox 263 3933 477 3943; x_wconf 75' lang='lat' dir='ltr'>——n—-—</span> 
     </span>
    </p>
   </div>
   <div class='ocr_carea' id='block_1_7' title="bbox 262 4015 1626 4651">
    <p class='ocr_par' dir='ltr' id='par_1_11' title="bbox 262 4015 1626 4570">
     <span class='ocr_line' id='line_1_37' title="bbox 370 4015 1541 4094; baseline -0.001 -19"><span class='ocrx_word' id='word_1_325' title='bbox 370 4020 402 4090; x_wconf 77' lang='lat'>⁴⁸)</span> <span class='ocrx_word' id='word_1_326' title='bbox 421 4020 568 4075; x_wconf 84' lang='lat' dir='ltr'>Accedunt</span> <span class='ocrx_word' id='word_1_327' title='bbox 586 4017 620 4082; x_wconf 79' lang='grc' dir='ltr'>ἐξ</span> <span class='ocrx_word' id='word_1_328' title='bbox 638 4015 783 4086; x_wconf 72' lang='grc' dir='ltr'><strong><em>ἂὸἡίωντ</em></strong></span> <span class='ocrx_word' id='word_1_329' title='bbox 808 4020 842 4075; x_wconf 88' lang='lat' dir='ltr'>fr.</span> <span class='ocrx_word' id='word_1_330' title='bbox 856 4020 910 4076; x_wconf 85' lang='grc'>237</span> <span class='ocrx_word' id='word_1_331' title='bbox 927 4019 958 4072; x_wconf 83' lang='grc' dir='ltr'>τό</span> <span class='ocrx_word' id='word_1_332' title='bbox 977 4019 1114 4090; x_wconf 76' lang='grc' dir='ltr'><strong><em>θάμβος</em></strong></span> <span class='ocrx_word' id='word_1_333' title='bbox 1132 4016 1161 4073; x_wconf 74' lang='grc' dir='ltr'>δὲ</span> <span class='ocrx_word' id='word_1_334' title='bbox 1180 4017 1318 4088; x_wconf 60' lang='lat' dir='ltr'>velaeque</span> <span class='ocrx_word' id='word_1_335' title='bbox 1335 4019 1402 4092; x_wconf 79' lang='grc' dir='ltr'><strong><em>παρ’</em></strong></span> <span class='ocrx_word' id='word_1_336' title='bbox 1422 4019 1541 4094; x_wconf 79' lang='grc' dir='ltr'><strong><em>Ὁμήρῳ,</em></strong></span> 
     </span>
     <span class='ocr_line' id='line_1_38' title="bbox 263 4095 1544 4172; baseline 0.005 -22"><span class='ocrx_word' id='word_1_337' title='bbox 263 4097 339 4170; x_wconf 76' lang='grc' dir='ltr'><strong><em>παρὰ</em></strong></span> <span class='ocrx_word' id='word_1_338' title='bbox 357 4095 385 4152; x_wconf 75' lang='grc' dir='ltr'>δὲ</span> <span class='ocrx_word' id='word_1_339' title='bbox 397 4095 532 4172; x_wconf 74' lang='grc' dir='ltr'><strong><em>Σίκονίόῃ</em></strong></span> <span class='ocrx_word' id='word_1_340' title='bbox 544 4099 697 4170; x_wconf 61' lang='lat' dir='ltr'>decamus:</span> <span class='ocrx_word' id='word_1_341' title='bbox 717 4100 805 4155; x_wconf 89' lang='lat' dir='ltr'>schol.</span> <span class='ocrx_word' id='word_1_342' title='bbox 824 4101 861 4156; x_wconf 85' lang='lat' dir='ltr'>ad</span> <span class='ocrx_word' id='word_1_343' title='bbox 879 4101 961 4156; x_wconf 91' lang='lat' dir='ltr'>Hom.</span> <span class='ocrx_word' id='word_1_344' title='bbox 980 4103 1005 4152; x_wconf 83' lang='lat' dir='ltr'>A</span> <span class='ocrx_word' id='word_1_345' title='bbox 1015 4100 1058 4155; x_wconf 85' lang='grc'>79.</span> <span class='ocrx_word' id='word_1_346' title='bbox 1084 4101 1239 4172; x_wconf 79' lang='lat' dir='ltr'>Singularis</span> <span class='ocrx_word' id='word_1_347' title='bbox 1257 4102 1368 4156; x_wconf 85' lang='lat' dir='ltr'>videtur</span> <span class='ocrx_word' id='word_1_348' title='bbox 1387 4101 1434 4157; x_wconf 90' lang='lat' dir='ltr'>hic</span> <span class='ocrx_word' id='word_1_349' title='bbox 1453 4102 1544 4156; x_wconf 90' lang='lat' dir='ltr'>Simo·</span> 
     </span>
     <span class='ocr_line' id='line_1_39' title="bbox 263 4177 1544 4251; baseline 0.002 -17"><span class='ocrx_word' id='word_1_350' title='bbox 263 4179 336 4236; x_wconf 87' lang='lat' dir='ltr'>nidis</span> <span class='ocrx_word' id='word_1_351' title='bbox 354 4196 429 4236; x_wconf 87' lang='lat' dir='ltr'>usus.</span> <span class='ocrx_word' id='word_1_352' title='bbox 448 4210 483 4219; x_wconf 89' lang='lat'>—</span> <span class='ocrx_word' id='word_1_353' title='bbox 500 4179 535 4236; x_wconf 80' lang='lat' dir='ltr'>lr.</span> <span class='ocrx_word' id='word_1_354' title='bbox 548 4179 599 4234; x_wconf 83' lang='lat'>241</span> <span class='ocrx_word' id='word_1_355' title='bbox 618 4177 875 4251; x_wconf 82' lang='grc' dir='ltr'><strong><em>κυανοπρίιϊραν</em></strong></span> <span class='ocrx_word' id='word_1_356' title='bbox 902 4181 1019 4251; x_wconf 84' lang='lat' dir='ltr'>(scilicet</span> <span class='ocrx_word' id='word_1_357' title='bbox 1043 4181 1164 4251; x_wconf 82' lang='lat' dir='ltr'>navem).</span> <span class='ocrx_word' id='word_1_358' title='bbox 1202 4181 1321 4248; x_wconf 89' lang='lat' dir='ltr'>Homeri,</span> <span class='ocrx_word' id='word_1_359' title='bbox 1347 4181 1427 4236; x_wconf 90' lang='lat' dir='ltr'>cuius</span> <span class='ocrx_word' id='word_1_360' title='bbox 1452 4197 1544 4236; x_wconf 88' lang='lat' dir='ltr'>exem-</span> 
     </span>
     <span class='ocr_line' id='line_1_40' title="bbox 263 4258 1541 4332; baseline 0.001 -17"><span class='ocrx_word' id='word_1_361' title='bbox 263 4260 342 4330; x_wconf 86' lang='lat' dir='ltr'>plum</span> <span class='ocrx_word' id='word_1_362' title='bbox 360 4259 517 4316; x_wconf 86' lang='lat' dir='ltr'>Simonides</span> <span class='ocrx_word' id='word_1_363' title='bbox 540 4263 584 4315; x_wconf 89' lang='lat' dir='ltr'>est</span> <span class='ocrx_word' id='word_1_364' title='bbox 611 4263 731 4326; x_wconf 86' lang='lat' dir='ltr'>secutus,</span> <span class='ocrx_word' id='word_1_365' title='bbox 760 4260 821 4315; x_wconf 87' lang='lat' dir='ltr'>libri</span> <span class='ocrx_word' id='word_1_366' title='bbox 840 4261 911 4316; x_wconf 84' lang='lat' dir='ltr'>duas</span> <span class='ocrx_word' id='word_1_367' title='bbox 938 4261 1074 4330; x_wconf 78' lang='lat' dir='ltr'>praebent</span> <span class='ocrx_word' id='word_1_368' title='bbox 1098 4259 1206 4316; x_wconf 85' lang='lat' dir='ltr'>formas</span> <span class='ocrx_word' id='word_1_369' title='bbox 1232 4258 1417 4332; x_wconf 82' lang='grc' dir='ltr'><strong><em>κυανόπρῳροι</em></strong></span> <span class='ocrx_word' id='word_1_370' title='bbox 1445 4260 1541 4331; x_wconf 70' lang='lat' dir='ltr'>Aemi:</span> 
     </span>
     <span class='ocr_line' id='line_1_41' title="bbox 264 4337 1541 4412; baseline 0.004 -20"><span class='ocrx_word' id='word_1_371' title='bbox 264 4340 348 4395; x_wconf 86' lang='grc'>0693</span> <span class='ocrx_word' id='word_1_372' title='bbox 360 4340 519 4394; x_wconf 68' lang='grc'>’1852878</span> <span class='ocrx_word' id='word_1_373' title='bbox 531 4340 683 4396; x_wconf 86' lang='grc' dir='ltr'>ι482.539</span> <span class='ocrx_word' id='word_1_374' title='bbox 694 4359 711 4392; x_wconf 84' lang='grc' dir='ltr'><strong><em>κ</em></strong></span> <span class='ocrx_word' id='word_1_375' title='bbox 722 4340 773 4395; x_wconf 87' lang='grc'>127</span> <span class='ocrx_word' id='word_1_376' title='bbox 785 4337 828 4394; x_wconf 85' lang='grc' dir='ltr'>ί6</span> <span class='ocrx_word' id='word_1_377' title='bbox 838 4361 860 4409; x_wconf 94' lang='grc' dir='ltr'><strong><em>μ</em></strong></span> <span class='ocrx_word' id='word_1_378' title='bbox 872 4339 1083 4396; x_wconf 67' lang='lat' dir='ltr'>recusabo</span> <span class='ocrx_word' id='word_1_379' title='bbox 1096 4338 1112 4404; x_wconf 84' lang='grc' dir='ltr'><strong><em>ξ</em></strong></span> <span class='ocrx_word' id='word_1_380' title='bbox 1123 4341 1174 4395; x_wconf 89' lang='grc'>311</span> <span class='ocrx_word' id='word_1_381' title='bbox 1188 4340 1266 4407; x_wconf 79' lang='grc' dir='ltr'>χ465</span> <span class='ocrx_word' id='word_1_382' title='bbox 1279 4340 1541 4412; x_wconf 76' lang='grc' dir='ltr'><strong><em>σίκυανοαρῴρειοτι</em></strong></span> 
     </span>
     <span class='ocr_line' id='line_1_42' title="bbox 262 4417 1626 4496; baseline 0.001 -21"><span class='ocrx_word' id='word_1_383' title='bbox 262 4439 279 4490; x_wconf 88' lang='grc' dir='ltr'><strong><em>γ</em></strong></span> <span class='ocrx_word' id='word_1_384' title='bbox 296 4419 350 4475; x_wconf 86' lang='grc'>239</span> <span class='ocrx_word' id='word_1_385' title='bbox 368 4419 465 4490; x_wconf 82' lang='lat' dir='ltr'>(fem.);</span> <span class='ocrx_word' id='word_1_386' title='bbox 486 4420 536 4476; x_wconf 83' lang='lat' dir='ltr'>cfr.</span> <span class='ocrx_word' id='word_1_387' title='bbox 554 4421 597 4474; x_wconf 85' lang='lat' dir='ltr'>La</span> <span class='ocrx_word' id='word_1_388' title='bbox 614 4421 721 4486; x_wconf 84' lang='lat' dir='ltr'>Roche,</span> <span class='ocrx_word' id='word_1_389' title='bbox 740 4421 851 4476; x_wconf 80' lang='lat' dir='ltr'>Homer.</span> <span class='ocrx_word' id='word_1_390' title='bbox 875 4422 982 4477; x_wconf 74' lang='lat' dir='ltr'>Uetere.</span> <span class='ocrx_word' id='word_1_391' title='bbox 1000 4420 1013 4474; x_wconf 96' lang='grc' dir='ltr'><strong>Ι</strong></span> <span class='ocrx_word' id='word_1_392' title='bbox 1030 4437 1057 4490; x_wconf 91' lang='lat' dir='ltr'>p.</span> <span class='ocrx_word' id='word_1_393' title='bbox 1077 4419 1138 4474; x_wconf 88' lang='grc'>219.</span> <span class='ocrx_word' id='word_1_394' title='bbox 1174 4417 1360 4492; x_wconf 81' lang='grc' dir='ltr'><strong><em>Κυανόπρῳρα</em></strong></span> <span class='ocrx_word' id='word_1_395' title='bbox 1379 4419 1542 4492; x_wconf 80' lang='lat' dir='ltr'>Bacchylidi</span> <span class='ocrx_word' id='word_1_396' title='bbox 1625 4483 1626 4496; x_wconf 21' lang='grc' dir='ltr'><strong><em>ρ</em></strong></span> 
     </span>
     <span class='ocr_line' id='line_1_43' title="bbox 262 4497 1626 4570; baseline 0.001 -16"><span class='ocrx_word' id='word_1_397' title='bbox 262 4499 468 4555; x_wconf 86' lang='lat' dir='ltr'>restituendum</span> <span class='ocrx_word' id='word_1_398' title='bbox 485 4501 598 4555; x_wconf 81' lang='lat' dir='ltr'>videtur</span> <span class='ocrx_word' id='word_1_399' title='bbox 614 4501 712 4565; x_wconf 90' lang='lat' dir='ltr'>XVl‚l</span> <span class='ocrx_word' id='word_1_400' title='bbox 731 4497 908 4570; x_wconf 78' lang='grc' dir='ltr'><strong><em>κυανόαρῳρα</em></strong></span> <span class='ocrx_word' id='word_1_401' title='bbox 925 4499 975 4568; x_wconf 72' lang='grc' dir='ltr'>μίν</span> <span class='ocrx_word' id='word_1_402' title='bbox 992 4505 1062 4555; x_wconf 76' lang='grc' dir='ltr'><strong><em>νισι.</em></strong></span> <span class='ocrx_word' id='word_1_403' title='bbox 1625 4507 1626 4542; x_wconf 70' lang='lat' dir='ltr'>l</span> 
     </span>
    </p>

    <p class='ocr_par' dir='ltr' id='par_1_12' title="bbox 368 4575 1182 4651">
     <span class='ocr_line' id='line_1_44' title="bbox 368 4575 1182 4651; baseline 0 -17"><span class='ocrx_word' id='word_1_404' title='bbox 368 4579 401 4651; x_wconf 68' lang='lat'>⁴⁹)</span> <span class='ocrx_word' id='word_1_405' title='bbox 420 4579 489 4634; x_wconf 92' lang='lat' dir='ltr'>nihil</span> <span class='ocrx_word' id='word_1_406' title='bbox 506 4581 584 4636; x_wconf 86' lang='lat' dir='ltr'>valet</span> <span class='ocrx_word' id='word_1_407' title='bbox 598 4597 660 4639; x_wconf 69' lang='lat' dir='ltr'>,van</span> <span class='ocrx_word' id='word_1_408' title='bbox 678 4581 742 4635; x_wconf 90' lang='lat' dir='ltr'>lect.</span> <span class='ocrx_word' id='word_1_409' title='bbox 761 4595 784 4649; x_wconf 85' lang='grc' dir='ltr'><strong><em>ψ</em></strong></span> <span class='ocrx_word' id='word_1_410' title='bbox 802 4578 856 4634; x_wconf 85' lang='grc'>303</span> <span class='ocrx_word' id='word_1_411' title='bbox 873 4575 991 4632; x_wconf 60' lang='lat' dir='ltr'>uivere</span> <span class='ocrx_word' id='word_1_412' title='bbox 1008 4595 1059 4649; x_wconf 86' lang='lat' dir='ltr'>pro</span> <span class='ocrx_word' id='word_1_413' title='bbox 1079 4576 1182 4646; x_wconf 82' lang='grc' dir='ltr'><strong><em>όμιίον.</em></strong></span> 
     </span>
    </p>
   </div>
   <div class='ocr_carea' id='block_1_8' title="bbox 0 0 1640 5040">
    <p class='ocr_par' dir='ltr' id='par_1_13' title="bbox 0 0 1640 5040">
     <span class='ocr_line' id='line_1_45' title="bbox 0 0 1640 5040; baseline 0 1"><span class='ocrx_word' id='word_1_414' title='bbox 0 0 1640 5040; x_wconf 95' lang='lat' dir='ltr'> </span> 
     </span>
    </p>
   </div>
  </div>
 </body>
</html>
