3272 5040
624 283 847 350 ..17-

88 481 169 527 raro
196 458 318 543 legitur
339 479 402 526 nec
425 459 560 546 saepius
584 458 674 546 apud
696 459 841 543 tragicos
864 463 966 548 atque
989 459 1036 527 ibi
1058 461 1217 549 imprimis
1240 463 1276 528 in
1297 485 1375 551 par÷

88 557 185 626 tibus
219 557 341 646 lyricis,
373 557 429 624 cfr.
452 556 656 643 K.-c.11⁸‚2
680 556 701 646 ξ
724 557 830 642 5305
854 561 966 625 annot
987 559 1008 626 2
1032 561 1068 626 et
1091 559 1131 626 de
1156 559 1376 644 elegiacorum

89 677 160 722 usu
181 655 393 743 potissimum
415 655 553 739 Weigel
576 677 607 742 p.
623 655 698 723 204.

201 752 379 840 Reliquum
402 755 463 836 est,
491 755 530 819 ut
560 773 619 819 eas
641 773 899 839 percenseamus
922 753 1114 841 particulas,
1138 755 1258 840 quibus
1282 756 1375 823 sub-

88 851 315 935 iunguntur
338 851 517 918 enuntiata
540 851 733 918 enuntietis.
772 850 847 931 Qua
869 852 1043 918 occasione
1067 853 1201 918 omnino
1225 873 1374 939 compre-

88 948 279 1016 hendemus
303 949 424 1023 omnia,
458 968 545 1033 quae
576 948 617 1015 dc
641 949 886 1015 sententiarum
909 947 1181 1016 secundariamm
1204 953 1376 1018 structura

91 1046 236 1114 dicenda
257 1046 423 1113 videntur.

201 1145 250 1210 Ac
273 1143 314 1211 de
337 1144 554 1211 sententiis
577 1144 763 1211 relativis
786 1143 1014 1228 disseruimus
1038 1145 1097 1212 ubi
1116 1143 1157 1212 de
1172 1147 1375 1233 pronomini-

89 1243 158 1310 bus
181 1240 357 1325 agebatur3
380 1241 449 1306 iam
472 1262 581 1328 pauca
604 1241 668 1308 hoc
690 1242 762 1310 loco
786 1246 868 1309 sunt
890 1240 1054 1310 addenda.

201 1340 348 1406 Primum
378 1338 511 1426 quidem
543 1341 775 1407 coniunctivus
806 1339 924 1406 modus
954 1340 1091 1427 ponitur
1118 1341 1163 1406 ad
1185 1341 1375 1425 generalem

90 1439 283 1506 sententiae
312 1435 475 1504 relativae
502 1437 649 1505 indolem
672 1441 734 1504 aut
757 1437 1018 1505 condicionalem
1041 1439 1110 1505 vim
1134 1438 1375 1525 expediendam

91 1535 210 1603 addita
232 1535 398 1622 particula
421 1538 460 1602 ἄν
484 1535 550 1620 5,3
574 1539 609 1608 ὃς
633 1539 672 1602 ἂν
694 1535 716 1620 ᾖ
739 1536 841 1608 κακὸς
862 1537 941 1620 μηδ’
967 1539 1048 1619 ἄγαν
1071 1537 1268 1622 ἀπάλαμνος,
1301 1537 1374 1605 sine

89 1632 266 1722 particula,
298 1632 332 1699 id
363 1633 452 1721 quod
484 1653 603 1721 prosae
634 1633 796 1699 orationis
819 1633 1033 1719 scriptoribus
1056 1633 1234 1718 nonlicet,
1265 1634 1375 1722 lyricis

88 1736 208 1800 tamen
223 1731 331 1814 magis
346 1731 382 1796 in
398 1752 464 1797 usu
479 1729 546 1797 fuit
562 1751 665 1818 quam
681 1731 825 1798 Homero
833 1729 882 1815 ⁸¹),
906 1731 1032 1817 5110)
1054 1735 1092 1798 δν
1108 1734 1274 1817 ἀμάχανος
1291 1758 1374 1818 συμ-

90 1832 182 1915 φορὰ
193 1832 314 1915 καθέλῃ
339 1831 369 1914 5,
379 1829 423 1894 20
438 1831 525 1894 ἑκὼν
536 1831 619 1901 ὅστις
629 1831 707 1914 ἕρόῃ
719 1830 822 1914 μηδὲν
833 1830 966 1914 αἰσχρόν
990 1829 1073 1914 58,5
1089 1829 1175 1915 ᾠμὴ
1189 1833 1376 1915 reatem

91 1930 194 2013 ἱδρὼς
216 1929 348 1993 ἔνδοθεν
369 1929 465 2012 μόλῃ,
490 1931 543 2012 ἵκῃ
566 1931 596 1992 τ’
621 1929 653 1999 ἐς
675 1930 778 2011 ἄκρον
801 1928 890 2011 dado.
936 1926 1010 1993 Alio
1030 1926 1102 1994 loco
1119 1928 1150 2009 ὃ,
1166 1927 1208 1994 14
1229 1927 1375 1995 fortasse

90 2024 259 2113 particula
280 2026 317 2090 κὲ
340 2023 527 2091 ePlatonis
549 2024 660 2092 verbis
684 2029 741 2096 οὓς
763 2028 803 2090 ἂν
826 2027 859 2090 οἱ
879 2026 951 2091 θεοὶ
974 2027 1089 2109 φιλῶσι
1112 2025 1298 2112 supplenda
1322 2028 1376 2092 est

90 2123 190 2190 metri
213 2123 366 2211 causa⁸⁸)
403 2122 533 2188 Deinde
556 2120 760 2188 indicativus
783 2124 899 2189 exstat
913 2120 1075 2188 adiuncta
1089 2123 1253 2209 particula
1267 2144 1374 2208 nega-

90 2221 196 2288 tionis
210 2223 256 2306 μή
281 2219 324 2286 ad
339 2219 593 2308 hypotheticam
608 2219 781 2286 notionem
797 2219 1026 2286 denotandam
1042 2221 1073 2304 5,
1086 2219 1108 2286 7
1122 2223 1202 2286 τοῖσί
1214 2225 1239 2286 τ’
1259 2223 1373 2308 αἰσχρὰ

90 2321 139 2405 μὴ
162 2322 318 2404 μέμικται·

201 2415 445 2502 Temporelis
468 2414 584 2502 aliqua
607 2415 777 2483 sententia
791 2435 887 2502 porro
903 2415 1126 2482 incohabatur
1141 2416 1374 2484 coniunctione

91 2515 161 2582 εὖτε
183 2513 279 2598 lrgm.
302 2514 345 2581 73
369 2513 432 2579 εὖτ’
458 2515 596 2598 ἀηδόνες
619 2565 625 2581 .
649 2563 658 2582 .
681 2565 713 2599 .,
738 2514 833 2581 cuius
865 2515 1032 2581 enuntiati
1054 2515 1284 2600 praedicatum
1306 2535 1375 2581 non

93 2617 149 2680 est
179 2613 361 2679 servatum.
406 2610 500 2678 Haec
529 2612 694 2698 particula
724 2613 800 2693 εὖτε,
832 2632 919 2698 quae
942 2611 1074 2678 Ionicae
1105 2615 1158 2678 est
1185 2611 1373 2697 originisit),

91 2711 128 2777 in
158 2709 336 2799 lyricorum
367 2709 569 2793 tragicorum
599 2731 784 2776 sermonem
817 2708 973 2777 videlicet
1003 2731 1046 2776 ex
1067 2709 1210 2778 Homero
1241 2712 1375 2796 recepta

93 2807 184 2895 apud
211 2811 332 2894 prosae
365 2807 525 2874 orationis
557 2807 733 2893 scriptores
763 2810 895 2893 praeter
917 2807 1124 2873 Herodotum
1154 2828 1222 2873 non
1244 2807 1374 2890 legitur.

202 2905 297 2986 Quod
319 2908 434 2971 autem
457 2904 708 2971 similitudinem
731 2906 856 2971 attinet
879 2925 963 2988 eam,
989 2925 1076 2992 quae
1094 2905 1183 2972 inest
1197 2904 1314 2988 fragm.
1333 2905 1374 2970 12

93 3007 141 3077 ὡς
172 3006 290 3070 ὁπόταν
315 3054 322 3069 .
346 3053 352 3068 .
377 3053 384 3068 .
407 3005 553 3088 πινύσκῃ,
584 3023 741 3069 revocare
772 3003 857 3069 satis
888 3003 997 3069 habeo
1028 3002 1073 3068 ad
1103 3002 1374 3078 dissertationem

92 3101 193 3168 modo
217 3099 356 3166 allatam
378 3101 441 3167 viri
464 3099 553 3166 docti
575 3100 597 3165 1.
622 3099 765 3184 Schaub,
790 3101 847 3186 qui
869 3121 899 3187 p.
916 3100 959 3167 22
982 3099 1067 3167 haec
1090 3100 1223 3166 statuit:
1255 3099 1374 3187 „Apud

92 3200 274 3266 Homerum
305 3219 509 3286 quamquam
540 3199 575 3264 in
605 3197 774 3284 parabolis
798 3218 873 3264 oum
897 3200 944 3271 ὡς
967 3201 1018 3264 ὅτε
1039 3197 1205 3264 institutis
1228 3197 1373 3286 (perraro

93 3300 140 3370 ὡς
164 3299 258 3363 anca
281 3296 463 3384 invenitur)
486 3295 680 3382 plerumque
704 3295 954 3362 coniunctivum
977 3295 1158 3383 simplicem
1177 3295 1373 3379 habeamus

93 3415 337 3481 nonnunquam
352 3397 392 3460 ut
406 3396 521 3460 nostro
536 3391 608 3460 loco
624 3391 723 3483 <dicit
739 3390 936 3482 Simonidis)
954 3393 1173 3480 pedicularis
1188 3392 1373 3480 (nunquam

201 3617 232 3688 ⁸¹)
252 3617 303 3673 cir.
321 3617 476 3683 Lschaub‚
496 3617 532 3672 de
549 3633 604 3672 usu
621 3617 795 3673 coniunctiri
813 3619 843 3672 et
861 3616 984 3688 optativi
1002 3617 1031 3670 in
1050 3615 1204 3671 enuntiatis
1222 3615 1374 3688 lyricorum

93 3697 265 3756 secundariis
283 3697 354 3752 Diss.
373 3698 467 3767 inaug.
486 3697 571 3752 Basil.
592 3696 662 3752 lesa
678 3714 705 3768 p.
718 3697 762 3753 50.

201 3779 232 3848 ⁸²)
252 3780 284 3832 at
301 3779 335 3829 ἂν
352 3777 403 3832 ins.
421 3779 516 3847 vulgo.

201 3859 233 3927 ⁸³)
251 3874 374 3929 namque
391 3857 416 3912 si
435 3857 540 3914 omissa
557 3857 697 3928 particula
714 3857 872 3927 legeremus
889 3872 953 3912 eum
964 3855 1085 3926 Bergkio
1097 3856 1156 3912 ectr
1166 3857 1228 3909 θεοὶ
1241 3853 1372 3924 pellem,

92 3938 220 4011 rhythmi
238 3937 332 4008 gratia
350 3953 421 4008 opus
439 3947 516 3993 esset
534 3938 589 3992 hoc
608 3937 719 4009 quidem
738 3937 768 3992 in
780 3953 864 3992 versu
877 3936 913 3991 14
930 3952 1031 3992 vocem
1048 3935 1112 3988 θεοί
1128 3936 1238 3992 duabus
1256 3935 1373 4007 syllabis

93 4018 284 4092 pronuntiare,
304 4034 332 4072 v.
344 4017 378 4071 21
398 4020 494 4072 tamen
513 4033 564 4088 per
581 4018 732 4088 synizesim
750 4017 779 4072 in
797 4033 885 4072 unam
903 4015 1080 4081 contrahere,
1098 4015 1127 4070 id
1140 4016 1217 4088 quod
1233 4033 1267 4072 eo
1280 4017 1374 4072 minus

93 4100 167 4164 licet,
194 4097 262 4171 quia
285 4097 315 4151 in
338 4096 455 4167 singuiis
474 4097 605 4152 carminis
623 4097 749 4168 strophis
766 4097 846 4167 ipses
863 4096 919 4152 hcc
936 4111 1022 4152 voces
1040 4095 1113 4150 inter
1131 4111 1162 4150 se
1180 4099 1313 4151 accurate
1330 4113 1373 4152 rs-

93 4179 243 4252 spondent
269 4193 325 4249 qua
349 4177 384 4232 de
407 4193 437 4232 rc
455 4177 512 4232 vid.
532 4177 623 4233 Biass.
642 4177 660 4232 i.
679 4177 750 4233 Mus.
769 4177 860 4232 Rhen.
880 4193 946 4232 nov.
965 4191 1018 4232 ser.
1038 4174 1094 4230 vol.
1113 4175 1148 4230 55
1170 4173 1258 4246 (1900)
1283 4193 1310 4246 p.
1329 4175 1373 4232 92.

94 4261 200 4317 Contra
217 4259 324 4314 inserta
342 4257 479 4329 particula
496 4255 525 4310 ad
544 4257 573 4311 in
592 4273 677 4312 versu
696 4257 731 4312 14
749 4258 772 4312 si
790 4260 913 4330 utroque
930 4256 992 4312 loco
1005 4255 1069 4308 aas
1079 4270 1129 4326 per
1146 4255 1297 4325 synicesim
1309 4273 1372 4328 pro-

94 4340 266 4405 nuntiamus,
284 4337 371 4392 etiam
383 4339 468 4408 aptus
479 4336 517 4393 lit
528 4353 708 4393 numerorum
726 4353 880 4393 consensus
893 4353 957 4393 cum
966 4351 1049 4392 versu
1061 4335 1079 4390 ‘1
1091 4327 1186 4405 αἰσχρὰ
1197 4335 1234 4402 μὴ
1245 4337 1373 4405 μέμικται

94 4436 186 4492 noque
201 4417 477 4568 ppucprasplplpreglhlr
490 4419 654 4569 econpleeltssud.a
670 4418 834 4564 &popm
860 4497 895 4552 de
913 4495 1115 4568 particrdarum
1133 4495 1373 4552 subiunctirarom

95 4595 139 4651 ap.
157 4577 239 4633 Piud.
257 4592 309 4631 usu
326 4576 399 4634 Diss.
416 4577 511 4647 inaug.
530 4578 606 4649 hips.
626 4578 696 4634 1898
713 4595 740 4649 p.
753 4576 839 4649 25sq.

147 4673 285 4718 schroctcr.
1159 4664 1178 4718 2
