3272 5040
790 282 1012 349 ..44-

368 463 568 546 φθόγγος.
602 460 641 528 fr.
657 461 710 544 37,
721 463 761 526 ll
779 463 900 546 ἀνέμου
916 463 1071 547 φθόγγον.
1106 461 1206 548 Apud
1230 461 1340 548 epicos
1357 481 1489 546 semper
1504 459 1541 526 de

261 557 376 624 sonitu
393 559 485 625 vocis
497 558 666 626 humanae
678 557 734 624 vel
746 557 941 626 animalium
959 558 1136 646 dicituru),
1154 562 1354 644 φθέγγεσθαι
1366 558 1492 646 ubique
1504 559 1542 625 de

262 675 344 723 voce
360 655 510 723 humana
525 657 672 743 itemque
696 654 786 743 apud
801 654 935 743 lyricos3
959 657 1144 744 excipiendi
1159 659 1274 723 tamen
1298 655 1454 730 nonnulli
1473 655 1542 739 loci,

259 753 383 840 quibus
403 753 446 820 ad
463 755 689 820 instrumenta
708 754 836 820 musica
854 753 1064 838 transfertur,
1086 754 1117 820 h.
1134 753 1231 820 Mero.
1246 753 1315 820 484
1334 755 1540 838 φθεγγομένη

261 859 395 917 παντοῖα
412 850 567 939 (cithara)
605 851 751 935 Theogn.
768 851 833 919 759
857 853 999 936 φόρμιγξ
1022 854 1054 917 θ’
1073 852 1124 917 od?
1138 854 1312 936 φθέγγοιθ’
1339 852 1428 935 ἱερὸν
1449 853 1543 936 με’λος

263 947 348 1016 Stes,
364 949 410 1016 44
432 948 578 1037 (Μοῦσα)
594 1000 625 1018 ..
649 953 745 1035 ἐρατᾷ
767 952 972 1034 φθεγγομένα
995 951 1085 1034 λύρᾳ.
1123 949 1172 1016 De
1189 949 1340 1035 strepitti,
1366 969 1469 1035 quern
1492 969 1543 1014 res

260 1047 429 1113 inanimae
453 1046 566 1131 edunt,
598 1047 742 1134 primum
764 1050 946 1133 usurpatur
976 1046 1065 1134 apud
1090 1045 1293 1114 Simonidem
1315 1045 1335 1112 l.
1357 1067 1383 1112 c.
1408 1045 1543 1114 codem-

259 1165 326 1231 que
346 1144 444 1211 modo
461 1143 551 1231 apud
566 1144 746 1210 Pindarum
767 1147 900 1229 φθέγμα
915 1165 983 1210 vox
1003 1146 1107 1212 antea
1122 1144 1288 1211 inusitata
1302 1143 1401 1232 Pyth.
1413 1144 1471 1228 IV,
1480 1145 1542 1210 198

258 1245 297 1308 ἐκ
319 1245 444 1328 νεφέων
468 1245 504 1308 δέ
526 1247 557 1308 ολ
579 1245 712 1309 ἀυτάυσε
734 1245 869 1327 βροντᾶς
896 1246 996 1308 αἴσιον
1019 1245 1160 1327 φθέγμα,
1193 1263 1289 1329 porro
1313 1244 1464 1327 φθόγγος
1492 1263 1541 1328 ap.

261 1337 599 1426 Eurip.1ph.Aul.9
627 1343 748 1406 οὔκουν
775 1342 923 1427 φθόγγος
945 1343 976 1424 γ’
1002 1343 1071 1405 οὔτ’
1098 1343 1248 1424 ὀρνίθων,
1280 1343 1352 1406 οὔτε
1378 1343 1544 1425 θαλάσσης

260 1436 391 1523 Hippol
411 1437 505 1503 1205.
545 1437 632 1504 Sunt
655 1439 771 1504 autem
794 1457 910 1504 omnes
933 1437 1034 1504 huius
1057 1438 1170 1524 stirpis
1194 1459 1295 1504 voces
1318 1439 1450 1524 poetico
1474 1459 1542 1504 ser-

262 1535 353 1601 moni
376 1533 603 1601 sollemniores
626 1555 729 1622 quam
751 1533 899 1622 pedestri
921 1534 1047 1601 Musae.

316 1653 317 1656 ’
366 1635 526 1717 χρόνος.
549 1632 587 1699 ir.
602 1633 665 1718 4,5
686 1634 939 1717 ὄπανόαμάτανρ
957 1636 1143 1718 ἀμαυρώσει
1159 1634 1276 1718 χρόνος
1296 1631 1543 1714 λ1.32,2ὅσσον

257 1731 378 1814 χρόνον
390 1734 508 1796 ἔσσεται
523 1731 560 1798 in.
570 1731 651 1814 62,2
663 1733 760 1815 ὀλίγῳ
773 1732 808 1797 dt
819 1733 928 1816 χρόνῳ
943 1729 991 1820 [fr.
1000 1731 1062 1798 193
1074 1733 1222 1815 πολεμεῖν
1232 1738 1279 1815 τῷ
1290 1733 1400 1814 πολλῷ
1412 1729 1543 1820 χρόνῳ].

259 1827 309 1892 De
342 1827 406 1894 hcc
438 1828 654 1895 substantivo
685 1828 774 1895 idem
804 1828 906 1912 valet,
938 1827 1027 1915 quod
1058 1827 1099 1894 de
1131 1831 1264 1895 ἀλάθεια
1298 1849 1402 1914 supra
1435 1849 1467 1914 p.
1490 1827 1543 1896 40.

258 1925 490 2012 exposuimus3
522 1947 631 2012 neque
655 1927 744 1992 enim
767 1927 867 1992 huius
891 1947 1023 2012 quoque
1054 1926 1145 2013 apud
1174 1926 1284 2012 epicos
1308 1925 1431 2008 legitur
1455 1925 1542 1992 alius

259 2044 358 2090 casus
382 2026 484 2110 atque
508 2025 722 2090 accusativus
754 2027 789 2090 et
819 2025 848 2090 is
878 2023 914 2089 in
936 2023 1162 2091 locutionibus
1185 2023 1389 2110 plerumque,
1423 2023 1542 2110 quales

257 2123 341 2187 sunt
364 2123 460 2187 ὅσσον
484 2121 554 2207 (cfr.
579 2121 701 2190 Simon.
718 2121 771 2204 32,
785 2122 829 2208 2),
854 2124 975 2197 τόσσον,
1000 2124 1108 2207 όηρόν,
1132 2122 1232 2186 πολὺν
1254 2123 1380 2206 χρόνον.
1417 2121 1544 2188 Contra

256 2221 388 2284 ‘ceteros
412 2239 511 2284 casus
535 2219 675 2305 scriptos
691 2220 844 2286 videmus
867 2220 936 2285 iam
951 2219 1039 2306 apud
1057 2218 1213 2285 Solonem
1228 2218 1313 2296 4,1o
1338 2218 1417 2302 10,1
1445 2219 1541 2304 36,1,

259 2314 379 2381 deinde
403 2317 493 2402 apud
516 2315 608 2384 alios.
648 2341 650 2346 ·

366 2416 596 2498 ἀπάλαμνος.
620 2413 659 2486 ir.
671 2415 728 2497 5,3
745 2417 781 2486 ὃς
796 2418 836 2480 ἂν
846 2415 868 2500 ᾗ
879 2415 981 2486 κακὸς
995 2417 1076 2499 μηδ’
1091 2417 1171 2497 ἄγαν
1184 2417 1377 2499 ἀπάλαμνος.
1397 2414 1542 2482 Uberius

257 2509 300 2576 de
311 2509 411 2576 huius
426 2513 517 2577 vocis
533 2511 671 2577 notione
688 2509 1010 2595 egitGerstenhaucr
1023 2513 1059 2578 in
1076 2510 1242 2580 dissertat.
1252 2513 1362 2595 inaug.
1374 2511 1416 2577 de
1425 2512 1543 2580 Alcaei

261 2611 297 2674 et
319 2607 508 2694 Sapphonis
540 2609 636 2695 copia
657 2609 906 2693 vocabulorum,
931 2610 1068 2677 Dissert.
1091 2609 1227 2677 Halens.
1250 2609 1315 2677 vol.
1330 2609 1392 2675 XII
1414 2631 1445 2696 p.
1467 2611 1541 2695 188,
1622 2623 1623 2638 ’

257 2705 315 2792 qui
339 2711 374 2772 et
395 2705 484 2773 hanc
506 2705 648 2772 formam
672 2710 707 2774 et
730 2710 897 2796 άπάλαμος
924 2729 966 2774 ex
989 2713 1058 2774 una
1081 2709 1182 2795 stirpe
1211 2728 1388 2774 emanasse
1412 2712 1540 2794 censet,

259 2803 347 2869 idem
370 2806 492 2871 statuit
509 2802 627 2870 Glaser
648 2805 669 2872 l.
685 2826 711 2871 o.
734 2827 765 2892 p.
785 2807 917 2894 l3sqq.;
941 2809 1057 2872 contra
1080 2805 1267 2892 disputavit
1289 2805 1323 2871 L.
1340 2804 1456 2892 Meyer
1478 2807 1498 2872 l.
1515 2827 1541 2872 c.
1622 2861 1623 2864 ,

258 2900 465 2988 volipes
491 2899 802 2991 ,(απααμοςγηα
832 2910 879 2983 oft
908 2907 955 2972 ars
985 2905 1291 2990 casanatensem
1321 2907 1375 2971 aes
1407 2927 1541 2974 vaae·

255 3007 438 3086 γουαμυλαα
462 3002 638 3085 ἅπάλαμσς,
670 3005 729 3069 dos
752 3003 826 3070 σόον
849 3004 1039 3071 εόευεοεοολλ
1061 3005 1098 3070 iu
1120 3004 1234 3088 Βεααη
1260 3003 1327 3086 auf
1343 3003 1541 3089 Bedeutuug

257 3099 306 3165 uls
343 3100 410 3182 auf
441 3099 543 3166 Foro
580 3101 759 3168 oboaeioht‘t
813 3100 882 3166 Nec
919 3105 1035 3166 tamen
1073 3099 1329 3184 significationis
1368 3101 1541 3185 quandam

257 3194 540 3262 necessitudinem
570 3195 658 3262 inter
688 3201 866 3283 utrumque
896 3197 1098 3264 intercedere
1126 3197 1240 3281 negari
1270 3201 1384 3283 potest
1407 3197 1539 3265 collatis

258 3291 347 3376 locis,
379 3313 463 3380 quos
494 3292 742 3360 Gerstenhauer
765 3293 883 3361 Glaser
911 3293 1024 3382 Meyer
1055 3294 1266 3379 collegerunt.
1312 3294 1468 3362 Ceterum
1499 3296 1539 3363 de

258 3391 350 3456 vocis
372 3391 408 3456 vi
430 3411 498 3458 non
521 3389 622 3456 nullis
644 3391 725 3458 locis
750 3391 930 3458 dubitatur.
977 3391 1162 3458 Simonides
1190 3395 1376 3477 ἀπάλαμνος
1398 3395 1540 3479 praebet

257 3489 302 3556 ab
318 3486 413 3556 Hom.
429 3489 464 3553 Ε
476 3488 542 3556 597
560 3490 595 3555 vi
610 3488 701 3555 haud
716 3489 823 3555 multo
839 3489 1020 3573 diversum3
1044 3511 1248 3577 quamquam
1264 3511 1316 3576 ap.
1333 3489 1411 3558 Sim.
1427 3491 1540 3558 ethica

257 3585 396 3674 paulum
406 3586 582 3672 praevalet
592 3589 754 3673 potestas,
780 3586 875 3670 Quod
886 3586 1135 3654 Gerstenhauer
1147 3587 1226 3654 dicit
1238 3587 1281 3653 ab
1293 3587 1416 3654 Atticis
1428 3591 1538 3675 poetis

256 3686 293 3750 et
315 3683 530 3770 scriptoribus
546 3705 680 3770 prorsus
705 3684 852 3752 alienum
876 3707 950 3752 esse
971 3687 1034 3752 hoc
1059 3685 1270 3769 adiectivum,
1296 3686 1409 3752 omisit
1432 3709 1538 3754 unum

257 3780 367 3848 locum
390 3779 556 3868 Euripidis
580 3781 665 3870 Cycl.
688 3782 753 3849 598
776 3785 876 3868 χώρει
907 3786 940 3849 θ’
960 3787 992 3856 ἐς
1023 3787 1142 3859 οἴκους,
1173 3787 1247 3868 πρίν
1276 3810 1303 3848 τι
1332 3785 1387 3849 τὸν
1417 3789 1538 3870 πατέρα

255 3881 373 3945 παθεῖν
408 3881 604 3964 ἀπάλαμνον,
643 3880 701 3946 ubi
739 3883 926 3966 ἀπάλαμνον
963 3881 1158 3956 restitutum
1197 3884 1250 3946 est
1284 3903 1305 3947 a
1339 3880 1483 3948 Cantero
1519 3904 1536 3948 e
1622 3931 1623 3952 .

256 3980 412 4063 corrupta
443 3971 584 4043 lectione
616 3979 822 4063 ἀπαλλαγμὸν
854 3978 1003 4045 codicum
1034 3977 1166 4065 (nempe
1200 3999 1218 4044 e
1248 3999 1334 4045 vers.
1363 3979 1429 4045 600
1456 4001 1536 4046 voce

256 4076 481 4160 άπαλλάχθηθ
505 4074 606 4140 huius
637 4076 749 4142 mendi
779 4075 962 4142 manifesta
992 4079 1045 4142 est
1075 4075 1275 4163 explicatio),
1308 4076 1367 4142 sed
1398 4077 1537 4160 cogitari

257 4172 359 4238 etiam
381 4175 495 4259 potest
517 4171 558 4238 de
583 4175 761 4258 ἀπάλαμον,
786 4195 872 4260 ques
894 4173 1002 4240 forma
1024 4177 1130 4240 metro
1154 4195 1222 4240 non
1244 4177 1417 4260 repugnat.

363 4271 588 4355 γαλαθηνός.
618 4268 657 4336 fr.
674 4270 754 4355 37,6
776 4273 950 4357 γαλαθηνῷ
968 4323 975 4337 .
993 4323 1000 4338 .
1017 4325 1024 4340 .
1042 4274 1119 4356 ἤθεϊ
1126 4273 1165 4360 2⁷)
1192 4271 1230 4338 11.
1248 4273 1300 4356 52,
1316 4273 1335 4337 3
1353 4274 1536 4359 γαλαθηνὸν

363 4421 394 4492 ⁹⁶)
413 4421 569 4492 Ambigunt
587 4421 622 4476 de
640 4441 656 4474 σ
670 4421 728 4487 199,
756 4423 804 4477 ubl
822 4425 919 4477 tamen
938 4421 1044 4478 autad
1063 4422 1228 4478 ancillarum
1247 4439 1407 4478 sermonum
1428 4427 1479 4479 aut
1498 4425 1535 4479 ad

254 4500 359 4571 pedum
377 4517 592 4573 sermonumque
609 4501 733 4556 sonitum
751 4501 928 4558 referendum
947 4506 1001 4557 est.

364 4581 395 4650 ²⁷)
415 4581 456 4636 sic
475 4580 576 4652 Bergk,
594 4582 649 4637 vid.
668 4580 725 4638 ind.
