3272 5040
736 1027 877 1148 eaput
898 1027 1101 1126 alterum

687 1351 738 1431 ne
767 1349 917 1432 deiectu
946 1350 1145 1431 verborum

496 1512 530 1582 1.
554 1509 597 1578 de
621 1509 835 1592 quibusdam
858 1509 1114 1578 vocabulorum
1137 1509 1341 1590 generibus.

382 1625 453 1692 Iam
477 1626 520 1692 ad
544 1625 685 1692 alteram
708 1625 808 1691 huius
832 1624 1040 1711 quaestionis
1063 1627 1203 1711 partem,
1229 1645 1316 1710 quae
1340 1627 1393 1690 est
1416 1622 1458 1691 de
1481 1646 1568 1690 ver-

275 1723 393 1790 borum
428 1721 574 1806 delectu,
610 1723 798 1807 aggressuri
831 1722 1028 1809 incipiamus
1064 1742 1085 1787 a
1119 1721 1288 1788 nonnullis
1316 1721 1566 1789 vocabulorum

275 1820 453 1906 generibus
482 1819 693 1907 peculiariter
722 1819 922 1903 tractandis
959 1841 1045 1907 quae
1074 1819 1193 1886 iisdem
1225 1823 1286 1886 aut
1315 1820 1473 1906 praefixis
1502 1819 1566 1887 vel

275 1919 410 1984 suffixis
432 1919 577 1985 formata
608 1923 669 1985 aut
690 1919 856 1984 interfixis
887 1919 1072 2004 composita
1095 1919 1176 1983 sunt
1203 1916 1350 2004 syllabis.
1397 1916 1494 1998 Quod
1520 1939 1567 1984 eo

274 2017 383 2102 magis
413 2037 549 2083 necesse
579 2017 726 2100 videtur,
759 2017 838 2103 quia
867 2017 903 2082 in
932 2015 985 2082 his
1015 2015 1148 2103 quidem
1175 2015 1286 2082 verbis
1320 2015 1568 2102 percensendis

275 2114 408 2197 singula
442 2114 607 2200 quomodo
642 2114 731 2200 apud
766 2135 850 2200 quos
883 2114 1059 2200 scriptores
1089 2117 1252 2200 usurpata
1287 2113 1356 2179 sint
1395 2134 1566 2199 quaerere

274 2211 417 2298 pemihil
440 2211 565 2278 attinet
594 2233 703 2298 neque
736 2233 936 2298 quemquam
960 2211 1004 2278 ad
1026 2211 1172 2277 fructum
1203 2210 1451 2298 percipiendum
1475 2232 1566 2278 con-

275 2308 375 2392 ducit,
400 2309 466 2374 nisi
487 2308 575 2376 forte
600 2309 713 2375 omnia
729 2308 877 2374 eiusdem
902 2309 1022 2396 speciei
1037 2308 1202 2376 voeabula
1221 2309 1566 2395 comprehenduntur,

382 2506 493 2592 Atque
538 2507 715 2572 nomina
766 2505 990 2588 agentium
1039 2505 1198 2590 primum,
1250 2526 1336 2591 quae
1383 2503 1564 2571 suffixa

275 2603 575 2690 syllaba-rep
621 2602 872 2687 confinguntur,
925 2601 1015 2688 apud
1061 2601 1242 2668 Homerum
1287 2602 1564 2690 frequentantur.

274 2700 459 2768 Enumerat
483 2702 571 2768 enim
593 2703 686 2768 Aem.
702 2701 865 2767 Woerner
887 2701 922 2765 in
937 2699 1048 2766 libello
1072 2701 1128 2786 qui
1151 2699 1342 2766 inscribitur
1358 2701 1560 2767 Substanti-

274 2821 391 2864 vorum
415 2798 664 2865 Homericorum
688 2820 774 2887 quae
799 2798 1003 2885 appellativa
1026 2797 1181 2864 dicuntur
1204 2797 1318 2864 ordine
1335 2798 1562 2885 etymologico

275 2897 511 2983 dispositorum
534 2897 635 2964 index
657 2896 805 2964 Misenae
830 2896 917 2963 1869
940 2918 970 2982 p.
986 2895 1029 2963 47
1053 2895 1173 2979 viginti
1194 2897 1260 2961 tria
1284 2895 1512 2980 substantiva,
1537 2916 1563 2962 e

275 2995 395 3080 quibus
418 2994 482 3062 hae
504 2995 539 3061 in
563 2997 759 3082 quaestione
782 2995 818 3060 in
842 3015 979 3060 censum
1001 2995 1144 3060 veniunt
1166 2994 1286 3078 viginti
1309 3014 1422 3060 unum.

386 3092 473 3158 Sunt
496 3096 611 3159 autem
633 3092 730 3159 haee:

386 3193 537 3276 ἀμύντωρ
812 3193 959 3274 ἐπιίστωρ
1231 3192 1380 3273 καλήτωρ

385 3291 521 3372 ἀφήτωρ
810 3291 1000 3372 ἐπιτιμήτωρ
1228 3290 1350 3369 κὲττωρ

384 3389 502 3472 βώτωρ
810 3389 911 3470 ἕστωρ
1228 3389 1402 3469 κοσμήτωρ

386 3486 501 3569 ὁώτωρ
809 3487 939 3568 ἡγήτωρ
1226 3486 1361 3568 ληίστωρ

384 3584 576 3666 ἐπαμύντωρ
811 3585 953 3666 ἠλέκτωρ
1229 3585 1361 3666 μήστωρ

385 3683 544 3765 ἐπιβήτωρ
809 3682 965 3764 θηρήτωρ
1225 3681 1445 3763 πανδαμάτωρ

384 3780 552 3862 ἐπιβώτωρ
811 3781 907 3862 ἵστωρ
1229 3779 1401 3861 σημάντωρ

273 3874 394 3962 quibus
411 3875 576 3941 accedunt
591 3896 681 3941 nova
697 3896 715 3940 e
733 3876 916 3940 ceterorum
933 3876 1100 3962 epicorum
1116 3876 1339 3941 vetustiorum
1354 3873 1559 3957 fragmentis

272 3974 356 4040 haec
379 3974 455 4039 tria:

379 4074 568 4156 παμβώτωρ
591 4070 684 4158 Gypr.
700 4069 793 4154 frgm.
811 4073 839 4136 1.
863 4070 999 4156 (Epioor.
1024 4069 1137 4137 Graec.
1161 4070 1253 4152 frgm.
1278 4069 1326 4135 ed.
1349 4070 1491 4159 Kinkel).

378 4171 571 4254 βασιλεύτωρ
594 4168 783 4234 Antimach.
806 4167 937 4250 frgm.5

379 4270 547 4352 ἀβολήτωρ
570 4265 758 4333 Antimach.
784 4265 819 4332 ir.
835 4266 878 4331 58

272 4385 315 4430 ex
329 4363 475 4431 Hesiodo
499 4365 569 4451 (qui
588 4386 663 4431 cum
678 4363 823 4430 Homero
840 4363 1029 4429 communia
1044 4362 1182 4431 exhibet
1196 4367 1292 4450 ἴστωρ
1316 4366 1351 4430 et
1366 4363 1556 4452 σημάντωρ)

271 4484 315 4529 ne
330 4483 435 4527 unum
453 4461 594 4548 quidem.
632 4463 714 4529 Inde
737 4461 822 4527 haec
836 4463 973 4528 nomina
995 4460 1184 4529 factasunt
1207 4465 1405 4529 ornamenta
1420 4464 1552 4548 propria

272 4560 426 4627 dictionis
441 4560 592 4646 poeticae
608 4560 768 4647 imprimis
781 4559 990 4644 tragicorum,
1007 4561 1185 4646 exquibus
1202 4559 1389 4646 Aeschylus
1406 4561 1553 4626 maxime·
