3272 5040
627 237 849 348 „33⁵-

95 462 243 546 Theogn.
261 461 346 528 1031
361 511 367 528 .
382 460 467 528 1075
498 458 590 526 Pind.
603 456 943 546 Isthm.VIlI(Vll),7
966 460 1011 542 et,
1034 458 1092 524 ubi
1116 457 1302 545 supplenda
1324 457 1378 522 eet

95 558 306 626 substantivi
329 559 431 643 notio,
461 557 591 624 Semon.
615 558 749 640 Amerg.
769 558 828 640 1,7
851 556 997 640 Theogn.
1012 555 1077 622 461
1102 555 1256 644 Bacchyl.
1279 554 1317 620 fr.
1336 553 1377 620 12

94 656 152 743 (dc
167 653 252 740 me
268 657 445 744 quiequam
466 655 547 722 certi
563 653 627 722 diei
648 655 791 743 nequit);
816 653 932 720 eodem
948 675 1051 720 sensu
1066 653 1253 722 Simonides
1268 672 1377 720 vanas

94 753 271 821 hominum
296 775 392 820 curas
415 752 496 818 dicit
518 753 555 819 fr.
572 753 668 839 ee,1,
691 773 818 819 vanam
840 772 934 838 spem
956 751 995 818 fr.
1011 752 1041 836 5,
1059 751 1108 819 le.
1142 752 1226 818 Item
1242 751 1282 818 de
1306 751 1378 838 spei

94 853 252 918 vanitate
277 852 402 918 dictum
425 850 561 918 Anthol.
584 849 653 918 Pal.
669 849 740 935 VII,
753 849 859 936 583ss
882 851 917 915 τὸ
939 853 1062 935 βρέφος
1085 852 1257 935 ἁπρήκτοις
1279 851 1378 916 ἐλπίσι

94 952 293 1034 τικτόμενον·
312 948 381 1033 XII,
395 947 499 1033 145,2
524 951 697 1033 ἀπρήκτοις
732 951 831 1014 ἐλπίσι
863 950 1047 1032 μσινάμεάα
1081 947 1246 1033 (similiter
1276 946 1378 1018 Solon

94 1047 135 1114 fr.
155 1048 204 1130 13,
214 1047 257 1113 36
280 1050 451 1132 χάσκοντες
473 1049 610 1131 κούφαις
632 1049 730 1112 ἐλπίσι
751 1045 955 1134 regemque).

205 1149 391 1230 ἅρεκτος.
430 1144 469 1212 fr.
490 1144 533 1212 69
557 1147 655 1210 οὐκέτ’
681 1147 815 1229 ἄρεκτον
838 1147 929 1211 ἔσται.
975 1142 1101 1210 Eadem
1122 1142 1239 1210 forma'
1261 1143 1378 1211 eadem

95 1245 133 1310 vi
155 1245 321 1310 instructa
344 1243 447 1310 semel
470 1241 560 1329 apud
574 1241 756 1308 Homerum
779 1243 894 1308 exstat
911 1240 1016 1307 Tlee
1039 1245 1081 1307 ἔτι
1104 1243 1164 1326 γὰρ
1179 1245 1262 1326 μέγα
1284 1245 1378 1327 ἔργον

95 1345 239 1427 ἄρεκτον.
285 1340 360 1408 Alio
392 1362 496 1408 sensu
525 1338 692 1412 Hesiodus
723 1339 864 1426 praebet
894 1341 1116 1424 ἀνεπίρρειιτος
1140 1339 1220 1428 Opp.
1240 1338 1307 1407 748
1336 1339 1377 1406 de

95 1440 191 1506 vasis
214 1438 363 1506 nendum
387 1439 598 1506 consecratis

204 1539 380 1622 βρότεος
401 1538 562 1622 βροτός.
600 1535 638 1604 ir.
654 1536 737 1619 cde
760 1537 887 1621 βρότεοι
908 1538 1051 1620 παλάμαι
1089 1535 1128 1602 fr*
1143 1535 1227 1620 41,3
1251 1537 1391 1626 ἀκοαῖσι

95 1639 224 1721 βροτιῑνν
258 1634 296 1700 ir.
313 1635 398 1718 61,2
421 1637 460 1700 οὐ
475 1635 574 1711 πόλις,
599 1637 638 1700 οὐ
653 1637 777 1718 βροτός.
818 1633 945 1715 Quibus
969 1632 1135 1699 oduabus
1150 1631 1264 1699 formis
1287 1631 1378 1718 apud

96 1733 209 1820 epicos
230 1733 315 1799 haee
346 1735 399 1798 est
428 1732 652 1798 usitatissima
682 1751 722 1798 ae
744 1731 938 1818 plerumque
970 1730 1177 1796 substantivi
1206 1730 1378 1797 notionem

96 1831 244 1914 exhibet,
275 1829 333 1898 illa
355 1829 477 1914 legitur
508 1829 612 1896 semel
635 1850 686 1916 ap,
709 1829 805 1896 Hom.
828 1827 925 1894 1545
949 1837 1045 1912 φωνῇ
1069 1828 1104 1893 δὲ
1125 1831 1250 1912 βροτέῃ,
1280 1848 1377 1914 prae-

95 1932 192 1996 terea
213 1927 395 2016 Hese0pp.
411 1927 477 1994 416
500 1929 631 2013 βρότεος
653 1931 743 2012 χρώς
780 1927 813 1992 h.
829 1924 912 1993 Ven.
928 1927 972 1993 47
994 1929 1127 2010 βροτέης
1154 1929 1256 2010 εὐνῆς,
1287 1925 1378 2013 apud

96 2029 245 2094 ehericus
264 2027 475 2113 tragicosque
497 2025 607 2092 forma
628 2027 791 2110 βρότείιλος
816 2023 957 2090 crebrior
980 2027 1045 2106 est;
1069 2022 1256 2090 Simonides
1278 2023 1314 2088 in
1338 2044 1376 2090 ee

96 2125 142 2192 ab
165 2125 309 2192 Homero
341 2125 455 2208 distat,
491 2121 580 2210 quod
613 2122 835 2188 masculinam
868 2119 1010 2188 formam
1045 2122 1184 2208 apponit
1216 2121 1376 2188 feminino
1468 2113 1473 2121 ’

95 2226 253 2307 παλάμαι;
276 2223 452 2305 ambigunt
467 2224 584 2287 autem
600 2219 640 2287 de
655 2220 756 2286 huius
779 2219 869 2286 medi
892 2218 1133 2285 adieetiverum
1148 2219 1278 2304 generis
1301 2240 1376 2304 usu,

96 2322 151 2388 eir.
175 2321 211 2387 B.
227 2319 423 2402 Delbrueck,
447 2322 491 2387 D.
517 2321 654 2388 θνααάλ
677 2322 706 2386 d.
729 2319 945 2405 pricebtsebeu
967 2319 1098 2404 sperae
1119 2316 1155 2382 in
1178 2315 1376 2397 Delbrueek,

95 2423 189 2506 Sym.
213 2420 444 2504 Ferscbuepcu
466 2416 531 2482 vol.
548 2415 593 2482 lV
615 2438 645 2502 p.
663 2417 705 2483 65
728 2415 802 2483 Hal.
826 2415 903 2481 Sax.
920 2414 1015 2482 1879.
1061 2414 1210 2502 Utraque
1233 2436 1302 2483 vex
1325 2417 1378 2482 est

95 2518 239 2604 poetica,
263 2516 384 2599 legitur
406 2519 522 2582 tamen
545 2514 635 2600 apud
657 2514 856 2600 posteriores
876 2533 995 2599 prosae
1020 2513 1179 2580 orationis
1203 2513 1377 2601 scriptores

95 2613 205 2681 veluti
227 2613 404 2680 Platonem
426 2612 644 2678 Aristotelem
666 2611 836 2678 nonnullis
859 2611 950 2678 loeis.

125 2709 128 2716 ’
206 2713 381 2796 ὃαστιλής.
419 2709 457 2777 ir.
474 2711 553 2793 38,1
580 2713 740 2795 όασττλῆτα
762 2711 940 2794 Χάρυβδιν.
987 2708 1082 2789 Quod
1105 2707 1291 2774 Simonides
1313 2708 1377 2776 hoe

62 2803 247 2897 ‘epitheto
274 2809 390 2888 utitur,
422 2807 571 2875 studium
595 2807 761 2894 quoddam
787 2806 923 2872 Homeri
954 2807 1035 2872 mihi
1057 2806 1190 2876 videtur
1219 2805 1376 2891 redolere,

95 2907 220 2992 legitur
251 2908 340 2974 enim
370 2907 461 2993 apud
492 2907 582 2972 hunc
610 2905 724 2990 0234,
757 2905 815 2970 ubi
845 2925 950 2988 genus
981 2902 1179 2970 femininum
1210 2905 1378 2988 δασπλῆτις

96 3005 290 3088 adiungitur
319 3003 436 3071 furiae.
489 3004 538 3070 De
570 3003 694 3087 origine
729 3006 763 3068 et
797 3003 934 3068 notione
968 3000 1068 3067 valde
1102 3000 1285 3085 ambigunt,
1321 3001 1376 3068 eir.

95 3102 256 3186 Ebeling,
272 3101 336 3169 lex,
352 3101 514 3168 Hemerie.
530 3124 555 3168 s.
571 3123 601 3169 v.
632 3101 784 3168 Reemrit
800 3103 914 3167 autem
930 3099 1021 3186 apud
1035 3099 1227 3165 recentioris
1243 3097 1378 3166 demum

97 3201 222 3268 aetatis
246 3200 421 3287 scriptores
445 3200 551 3266 veluti
574 3221 625 3286 ap.
649 3198 791 3286 Euphor.
812 3197 850 3264 ir.
867 3199 948 3282 52,1
975 3197 1024 3264 ed.
1040 3195 1192 3262 Meineke
1216 3195 1263 3283 (in
1280 3195 1377 3263 Anal.

97 3298 173 3385 Al),
197 3295 357 3384 imprimis
380 3297 468 3384 apud
490 3298 656 3364 Nonnum.
1178 3365 1181 3370 ,

206 3398 393 3480 ἐραννός.
431 3395 469 3462 fr.
484 3395 572 3478 45,3
596 3397 729 3479 ἐραννὸν
751 3397 853 3479 ὕδωρ.
895 3394 1107 3459 Adamarunt
1121 3394 1286 3460 Homerus
1309 3391 1376 3460 for-

96 3515 189 3560 mam
231 3495 394 3578 ἐρατεινάς,
435 3491 601 3558 Hesiodus
636 3493 773 3577 elegiaci
812 3490 977 3558 Pindarus
1015 3491 1233 3578 Bacchylides
1267 3491 1378 3574 ἐρατός

97 3590 216 3679 (semol
234 3611 276 3676 ep
291 3589 386 3656 Hom.
402 3591 436 3654 Γ
445 3589 512 3675 64),
537 3611 742 3678 quamquam
765 3591 868 3656 etiam
892 3592 1046 3674 ἐρατεινάς
1062 3589 1222 3656 exhibent
1237 3593 1376 3675 excepto

96 3687 307 3776 Bacchylido,
338 3688 373 3752 in
395 3686 529 3774 hymnis
552 3687 654 3754 toties
676 3691 819 3775 utraque
846 3687 956 3754 forma
978 3687 1108 3770 legitur,
1139 3687 1273 3770 tragicis
1304 3685 1378 3752 sola

97 3787 209 3873 placet
230 3806 298 3850 vox
322 3787 440 3869 ἐρατός.
463 3785 615 3870 Ἐραννός
638 3784 780 3872 denique
805 3786 945 3853 occurrit
967 3785 1075 3850 tribus
1097 3783 1178 3850 loeis
1192 3783 1377 3850 Homericis

97 3883 196 3950 1531
211 3933 217 3948 .
231 3883 294 3950 577
318 3908 338 3967 η
358 3882 408 3966 18,
440 3882 547 3948 tribus
571 3881 745 3969 Sapphieis
768 3884 862 3966 irgm.
878 3883 922 3950 77
945 3883 1029 3966 85,3
1055 3882 1108 3964 88,
1139 3902 1207 3948 une
1230 3881 1378 3969 Bacchy-

96 3981 184 4048 hdeo
200 3979 288 4064 XVI,
299 3978 357 4064 423
379 3979 525 4046 fortasse
548 3979 704 4046 Aeolieae
727 3983 781 4046 est
804 3981 946 4064 originis.

205 4081 393 4151 κυάνεος.
434 4081 472 4146 fr.
495 4079 583 4162 40,3
613 4081 752 4144 κυανέου
783 4081 818 4153 ἐξ
846 4080 962 4150 ὕδατος
992 4076 1125 4164 (deinde
1147 4077 1269 4160 legitur
1291 4077 1377 4163 37,8

97 4178 150 4260 74,
163 4176 209 4264 2).
243 4175 419 4262 Nusquam
442 4176 525 4262 epici
547 4177 701 4262 aequoris
717 4175 859 4242 colorem
877 4197 952 4242 eum
969 4177 1067 4264 cyani
1083 4177 1377 4261 comparaverunt;

98 4276 222 4344 etenim
246 4273 337 4360 apud
358 4273 540 4344 Homerum
569 4276 682 4346 λευκός
712 4276 850 4358 γλαυκός
879 4275 990 4346 πολιός
1018 4276 1203 4359 πορφύρεος
1232 4275 1377 4347 κελαινός

96 4376 195 4458 μέλας
216 4371 318 4438 maris
342 4374 422 4437 suut
445 4371 604 4458 epitheta,
630 4374 766 4444 κυάνεος
789 4392 992 4459 quamquam
1025 4370 1108 4438 alias
1131 4370 1375 4458 frequentatur,

97 4472 180 4537 mari
204 4469 399 4538 attribuitur
425 4490 469 4536 ne
493 4489 559 4534 une
584 4467 719 4556 quidem
741 4469 822 4538 leco.
868 4469 991 4536 Simihs
1015 4472 1131 4535 tamon
1161 4471 1264 4556 atque
1287 4469 1378 4556 apud

98 4567 302 4636 Simonidem
323 4565 386 4635 le.
403 4569 456 4633 est
478 4588 560 4634 usus
584 4565 675 4653 apud
689 4567 879 4654 Euripidem
893 4567 962 4654 Iph.
979 4567 1014 4635 Τ.
1030 4568 1052 4635 7
1074 4569 1213 4634 κυανέαν
1227 4570 1288 4634 ἅλα
1311 4567 1378 4634 392

150 4681 288 4726 Schroetsr.
1181 4675 1199 4728 3
