3272 5040
633 297 850 366 „35-

88 476 196 558 ὕγλεις
219 472 266 541 Ol
282 472 323 557 V,
332 473 375 540 23
407 477 443 540 et
472 477 603 560 ὕγιηρός
632 475 726 543 Nem.
741 475 861 560 III,18;
892 499 911 543 e
942 477 1077 561 tragicis
1109 477 1211 546 semel
1242 479 1382 565 praebet

97 571 286 658 Sophocles
307 571 388 638 Phil.
408 572 502 654 1006,
527 573 662 660 saepius
685 572 869 661 Euripides,
894 596 1035 661 quorum
1058 578 1200 663 uterque
1222 597 1293 642 non
1315 577 1380 644 nisi

96 669 290 736 admontis
321 691 361 736 ac
391 669 532 738 rationis
563 670 792 738 valetudinem
823 672 1079 756 significandam
1110 673 1248 741 adhibet
1282 675 1381 742 sicuti

97 766 288 834 Simonides
311 767 331 834 l.
347 789 373 834 c.
407 769 654 854 Ibequentatur
676 769 712 835 in
735 769 848 837 soluta
871 770 1030 837 oratione.

208 869 342 932 αἰνέω.
377 867 415 932 ir.
430 867 513 952 57,1
537 869 581 939 τίς
596 890 652 932 κεν
667 869 802 952 αἰνήσειε
818 915 827 934 ι
842 919 849 933 .
865 869 1069 954 Κλεόβουλον
1085 920 1116 934 ..
1150 869 1200 936 De
1215 869 1280 936 hac
1297 889 1380 938 voce

95 962 165 1030 vid.
188 963 277 1029 infra
298 985 329 1050 p.
346 964 391 1030 54
402 985 450 1050 sq.
474 985 499 1030 S.
521 985 554 1032 v.
578 967 713 1037 ἔπαινος.
1315 1041 1317 1044 ,

208 1063 351 1146 ἀλέγω.
394 1060 433 1128 fr.
454 1061 565 1146 37,10
592 1061 720 1150 (ἅλμαν)
742 1115 748 1128 .
770 1117 777 1131 .
798 1113 804 1128 .
825 1067 886 1130 οὐκ
910 1067 1035 1148 ἀλέγεις.
1077 1065 1210 1148 Ἀλέγειν
1232 1066 1381 1149 ἀλεγίζειν

94 1161 260 1242 ἀλεγύνειν
282 1179 383 1225 voces
407 1164 488 1225 sunt
509 1159 661 1246 poeticae
677 1161 853 1248 praecipue
868 1160 979 1228 herois
1003 1161 1204 1230 carminibus
1218 1163 1379 1248 propriae,

96 1257 134 1321 in
151 1257 272 1342 quibus
288 1257 482 1344 plerumque
505 1258 637 1324 adiecta
658 1259 838 1342 negatione
861 1259 1031 1342 leguntur,
1045 1259 1141 1326 'sicut
1165 1259 1267 1326 etiam
1290 1261 1379 1346 apud

98 1353 305 1420 Simonidem
319 1355 339 1420 l.
353 1375 378 1420 c.
401 1355 439 1420 In
455 1356 573 1422 ceteris
589 1355 727 1422 choricis
751 1356 952 1424 carminibus
969 1359 1089 1442 ἀλέγειν
1104 1359 1157 1424 est
1170 1359 1380 1440 ‚,recensere“

96 1455 350 1536 „enumerare“,
375 1451 431 1519 cfr.
446 1453 549 1519 Alcm.
566 1453 651 1536 23,2
672 1457 744 1535 (οὐκ
760 1455 854 1538 ἐγὼν)
875 1455 1039 1521 Λύκαισον
1055 1458 1089 1521 ἓν
1103 1463 1260 1538 καμοῦσιν
1275 1457 1379 1540 ἀλέγω

96 1549 193 1615 Pind.
210 1549 257 1615 Ol.
272 1547 437 1640 11,86[7ssl
460 1551 588 1636 Πηλεύς
609 1576 641 1617 τε
664 1554 718 1617 καὶ
739 1553 876 1637 Κάδμος
902 1555 937 1618 ἐν
966 1561 1062 1619 τοῖσιν
1092 1555 1266 1636 ἀλέγονται;
1301 1553 1380 1620 inde

98 1649 205 1713 etiam
226 1668 324 1732 „cum
338 1647 439 1714 laude
460 1653 653 1715 recensere“
677 1650 697 1715 i.
713 1671 741 1716 e.
768 1649 942 1733 ,laudare“
973 1649 1189 1734 ,celebrare“,
1214 1649 1269 1718 cir.
1285 1649 1379 1716 Pind.

95 1744 148 1810 Ol.
160 1743 214 1827 XI,
226 1746 269 1812 15
288 1753 354 1812 τῶν
364 1747 597 1832 Ἐπιζεφυρίων
612 1748 754 1831 Λοκρῶν
769 1749 879 1832 γενεὰν
894 1751 1027 1832 ἀλέγων·
1036 1747 1115 1835 (uno
1131 1747 1203 1816 loco
1220 1753 1379 1832 „curare“

98 1841 259 1926 „iovere“
292 1842 486 1926 „foventem
517 1843 655 1911 adesse“
684 1845 798 1912 Istbm.
814 1844 890 1912 VIII
903 1846 1070 1932 (viimo).
1124 1845 1234 1912 Semel
1266 1849 1380 1913 exstat

95 1940 191 2027 apud
213 1943 359 2024 tragicos
379 1941 534 2028 Aeschyl.
558 1941 669 2029 Suppl
685 1943 761 2027 751,
790 1943 849 2008 ubi
872 1943 1040 2029 epicorum
1067 1963 1158 2012 more
1181 1947 1378 2031 usurpatur:

94 2039 216 2123 βωμὸν
238 2037 317 2126 (v.l
340 2039 480 2124 βωμῶν)
503 2041 666 2124 ἀλέγοντες
689 2042 792 2106 οὐδέν.

208 2138 369 2220 ἀραρίσκ
376 2161 413 2202 ω.
443 2135 482 2202 fr.
497 2136 582 2219 41‚3
599 2145 700 2221 γᾶρυν
715 2140 845 2222 ἀραρεῖν
860 2141 985 2205 ἀκοαῖσι
999 2141 1133 2224 βροτῶν.
1161 2137 1270 2205 Huius
1286 2139 1380 2208 verbi

96 2235 170 2299 iam
198 2233 233 2298 in
264 2233 365 2320 epicis
392 2234 546 2300 versibus
577 2233 700 2322 duplex
731 2239 784 2302 est
813 2237 865 2302 vis
897 2240 932 2303 st
965 2237 1145 2304 transitiva
1175 2237 1315 2324 aptandi
1346 2241 1380 2304 et

95 2331 318 2398 intransitiva
348 2353 384 2398 se
409 2332 549 2418 aptandi
580 2333 652 2398 sive
681 2334 895 2418 congruendi;
925 2333 1013 2400 hane
1035 2333 1169 2420 quidem
1192 2333 1380 2402 simonides

96 2427 240 2494 exhibet
254 2428 455 2496 translatam
479 2428 522 2496 ad
546 2435 692 2512 cantum,
718 2432 773 2518 qui
789 2432 830 2496 -in
846 2432 1019 2498 hominum
1042 2452 1141 2498 aures
1164 2453 1201 2500 se
1220 2434 1380 2500 insinuat.

99 2525 260 2592 Similiter
274 2527 437 2593 Homerus
459 2527 559 2595 6777
582 2531 738 2613 τελέωμεν
759 2531 877 2613 μῦὕον,
902 2533 921 2594 δ
944 2531 985 2614 δὴ
1007 2532 1061 2596 καὶ
1083 2537 1178 2596 πᾶσιν
1201 2533 1246 2597 tvl
1268 2534 1380 2617 φρεσὶν

97 2627 220 2708 ἤραρεν
241 2628 326 2710 ἥμιν,
357 2625 476 2692 subest
505 2627 620 2692 autem
647 2625 710 2693 hoc
739 2628 811 2693 leco
839 2626 993 2713 placendi
1022 2629 1116 2694 notio
1143 2651 1165 2696 a
1188 2628 1378 2714 Simonidis,

98 2725 141 2787 ut
164 2722 306 2807 videtur,
331 2723 450 2789 aliena.

208 2823 349 2889 ἀωτέω.
379 2819 418 2886 ir.
434 2821 520 2904 37,ὕ
541 2821 623 2887 οὐδ’
644 2823 755 2893 ἀωτεῖς
774 2820 829 2908 (δε
846 2843 913 2889 var.
930 2821 1004 2888 lect.
1020 2820 1085 2888 vid.
1101 2821 1219 2912 indic).
1251 2825 1281 2889 A
1296 2845 1379 2891 voce

96 2921 206 2991 ἄωτος
229 2917 448 2984 derivandum
471 2939 546 2984 esse
568 2921 672 3002 negat
693 2919 931 3003 Buttmannus,
958 2917 1104 3004 Lexilog.
1125 2920 1254 3007 pertll
1276 2943 1306 3008 p.
1325 2920 1379 3006 183

98 3037 163 3082 noc
193 3014 316 3082 desunt
346 3016 404 3103 qui
431 3017 565 3082 etiamsi
587 3019 699 3082 ἀωτεῖν
720 3037 790 3082 non
813 3018 856 3082 ab
879 3020 993 3100 ἄωτος,
1025 3020 1178 3084 attamen
1201 3021 1379 3106 utrumque

98 3113 302 3180 vocabulum
333 3115 377 3180 ab
408 3112 527 3179 eadem
558 3113 659 3200 stirpe
690 3117 836 3201 repetere
859 3113 1036 3197 voluerint,
1068 3115 1175 3182 veluti
1197 3115 1322 3183 Glemm
1344 3118 1380 3182 in

98 3211 189 3277 Ourt.
214 3210 307 3277 Stud.
337 3211 454 3278 volfl
487 3231 518 3296 p.
541 3211 597 3296 613
639 3210 771 3278 videtur
805 3215 921 3278 tamen
959 3213 1094 3279 omnino
1133 3213 1173 3280 de
1213 3215 1380 3280 communi

97 3308 226 3392 origine
250 3307 494 3395 desperandum
522 3329 605 3393 esse,
638 3308 693 3375 cir.
716 3308 752 3375 L.
768 3308 881 3397 Meyer
903 3309 923 3376 l.
940 3331 965 3377 c.
982 3331 1007 3376 s.
1019 3331 1050 3377 v.
1074 3314 1191 3377 ἄοπλον
1219 3315 1253 3378 et
1275 3315 1380 3385 ἄωτος

98 3405 196 3474 volI
218 3426 249 3492 p.
268 3407 317 3474 17.
355 3407 394 3472 In
417 3409 515 3472 tante
539 3405 748 3474 dubitatione
772 3406 852 3474 solis
874 3408 1051 3476 nitendum
1074 3414 1128 3474 est
1141 3409 1232 3492 locis,
1257 3410 1379 3495 quibus

97 3504 227 3570 tradita
249 3508 302 3570 est
323 3525 391 3571 vox
414 3507 527 3570 ἀυτεῖν
542 3503 673 3570 duobus
688 3503 872 3572 Homericis
888 3505 932 3572 ad
946 3505 1243 3593 interpretandam:
1266 3507 1304 3571 K
1317 3507 1379 3575 159

97 3605 192 3686 ἔγρεο
207 3603 326 3674 Τυδέος
339 3605 389 3668 vc
405 3623 411 3636 ·
426 3605 456 3667 τί
468 3605 631 3687 πάννυχον
644 3605 745 3668 ὕπνον
761 3605 872 3676 ἀωτεῖς
876 3628 888 3681 ,·
921 3629 942 3669 κ
958 3603 1024 3670 548
1038 3607 1150 3688 μηκέτι
1164 3611 1222 3671 νῦν
1237 3607 1380 3677 εὕδοντες

97 3703 227 3766 ἀωτεῖτε
250 3700 368 3784 γλυκὺν
389 3703 502 3783 ὕπνους
525 3702 667 3786 utroque
686 3699 759 3766 loco
775 3701 990 3767 accusativus
1006 3704 1108 3768 ὕπνον
1121 3701 1224 3768 verbo
1240 3701 1378 3786 accedit,

97 3819 167 3884 quo
198 3800 314 3863 tamen
345 3797 389 3864 ad
420 3796 604 3864 dormiendi
633 3798 804 3864 notionem
829 3797 1038 3866 efficiendam
1064 3820 1148 3886 opus
1171 3821 1240 3866 non
1263 3821 1337 3867 esse
1361 3821 1379 3866 e

98 3893 281 3962 Simonidis
299 3895 372 3961 loco
396 3915 593 3978 cognoscere
616 3893 706 3979 licet3
730 3895 864 3962 videtur
886 3901 1001 3962 autem
1025 3897 1115 3982 apud
1129 3895 1311 3964 Homerum
1325 3896 1378 3964 id-

98 3993 185 4058 circo
218 3993 393 4080 appositus
421 4013 505 4078 esse,
537 3997 576 4059 ut
598 3995 760 4078 πάννυχος
782 3996 817 4060 et
839 3995 965 4077 γλυκύς,
995 3993 1117 4081 quibus
1139 3994 1279 4062 vocibus
1302 3993 1379 4062 dor-

98 4088 226 4158 miendi
240 4090 360 4156 modus
375 4111 415 4156 ae
429 4091 516 4157 ratio
533 4090 730 4177 depingitur,
746 4090 897 4158 habeant
913 4111 980 4178 quo
994 4091 1194 4176 referentum
1210 4094 1264 4158 est
1277 4092 1380 4176 igitur

98 4188 317 4254 accusativus
339 4188 504 4254 interioris
528 4187 658 4270 obiecti,
689 4188 792 4255 verbo
816 4192 931 4255 autem
954 4191 1066 4255 ἀωτεῖν
1088 4189 1153 4276 ipsi
1175 4209 1268 4256 mera
1290 4190 1380 4257 inest

98 4286 151 4352 vis
175 4283 359 4352 dormiendi
375 4285 462 4352 siout
477 4285 578 4352 verbo
594 4288 695 4352 εὕδειν
718 4307 770 4372 ap.
785 4285 966 4352 Homerum
982 4286 1087 4352 c445
1103 4288 1246 4372 εὕδῃσθα
1262 4288 1379 4371 γλυκὺν

98 4388 209 4450 ὕπνον.
257 4381 351 4464 Quod
374 4381 578 4450 Schmidtius
610 4383 644 4449 in
674 4383 757 4449 libro
789 4385 847 4470 qui
876 4384 1066 4451 inscribitur
1092 4385 1296 4472 Syaoupmc'lc
1322 4389 1380 4454 dar

97 4481 314 4570 γνῖεεῖιιειλιειι
344 4481 485 4567 Sprcclze
506 4479 571 4548 vol.
594 4480 609 4548 I
631 4501 662 4567 p.
684 4481 751 4548 467
782 4479 954 4548 contendit
984 4481 1025 4549 de
1055 4503 1172 4569 sopore
1204 4481 1272 4550 alto
1304 4503 1377 4550 esse

99 4578 342 4667 accipiendum,
366 4599 407 4644 ex
430 4577 537 4646 tribus
560 4577 613 4646 bis
627 4577 710 4658 locis
725 4577 877 4646 concludi
891 4599 990 4666 posse
1007 4599 1180 4664 negamus.
1213 4577 1378 4648 Wilemo-

1183 4686 1218 4740 31
