3272 5040
449 1166 490 1306 3'
586 1173 744 1294 caput
776 1101 933 1292 prius.

703 1369 811 1380 ——un—

640 1491 692 1574 [ie
721 1492 875 1594 syntaxi

112 1672 149 1738 1.
172 1668 217 1737 de
238 1670 347 1738 robur
369 1669 410 1736 in
424 1669 581 1738 subiecti
600 1669 801 1754 praedicati
816 1671 991 1740 attributi
1005 1689 1076 1739 usu
1091 1673 1398 1743 memorabilibus.

112 1814 118 1825 ’
222 1791 295 1861 Hac
317 1794 353 1860 in
376 1793 494 1882 capitis
518 1795 615 1881 parte
637 1793 771 1860 initium
793 1795 955 1863 iaciemus
979 1795 1023 1864 ab
1040 1795 1195 1863 omnibus
1215 1797 1263 1864 eis
1286 1797 1397 1882 rebus,

115 1911 226 1977 quae
263 1891 306 1958 iu
343 1891 672 1959 sententiarum
718 1895 948 1960 structura
992 1914 1141 1982 parum
1179 1914 1397 1978 congruae

115 1986 338 2076 videntur,
354 1989 551 2056 tractandis.
586 1989 673 2056 Tota
688 1992 803 2057 autem
818 1989 919 2058 huius
935 1991 1056 2078 capitis
1071 1991 1187 2078 prioris
1204 1991 1245 2058 de
1262 1993 1399 2080 syntaxi

116 2085 308 2154 Simoniden
334 2087 533 2176 quaestione
564 2087 637 2154 sola
664 2088 917 2155 enumeratione
948 2109 1018 2154 nou
1047 2089 1307 2176 acquiescemus,
1339 2089 1398 2156 sed

114 2183 150 2250 id
181 2205 311 2272 semper
344 2183 586 2272 spectabimus,
620 2188 659 2252 ut
691 2187 876 2252 ceterorum
909 2187 1086 2274 praecipue
1121 2190 1296 2274 poetarum
1329 2209 1399 2256 non

115 2281 312 2366 neglegatur
342 2301 465 2367 sermo,
501 2303 618 2350 verum
653 2283 696 2350 ad
727 2281 920 2369 Simonidis,
957 2286 1123 2372 quantum
1156 2284 1232 2352 fieri
1266 2286 1397 2376 poterit,

112 2378 351 2448 'illustrandum
374 2379 585 2448 adhibeatur.

112 2477 114 2484 ’
222 2479 334 2564 Atque
358 2479 583 2546 substantivis
607 2477 825 2546 substantiva
847 2483 1063 2567 apponuntur
1086 2478 1176 2567 apud
1196 2478 1399 2561 Simonidem

113 2571 175 2660 ita,
206 2578 247 2642 ut
269 2574 511 2644 adiectivorum
543 2575 782 2643 attributorum
814 2578 922 2644 instar
945 2577 1022 2663 sint,
1054 2577 1146 2645 hisce
1169 2576 1262 2646 locis:
1300 2577 1331 2664 4,
1344 2580 1398 2662 5¹)

114 2675 335 2761 πανδαμάτωρ
350 2676 468 2762 χρόνος
478 2676 503 2762 ⁹)
527 2674 580 2758 36,
593 2675 615 2740 2
630 2677 719 2742 θεῶν
735 2730 742 2744 .
760 2727 767 2741 .
784 2727 790 2742 .
809 2678 957 2742 ἀνάκτων
987 2675 1063 2744 ibid.
1087 2679 1152 2750 υἷες
1174 2678 1304 2770 ἡμίθεοι
1334 2675 1399 2761 4,6

116 2775 239 2838 οἰκέων
261 2773 443 2861 adorari)
489 2773 582 2839 Haec
605 2773 815 2840 consuetudo
830 2775 1008 2860 poetarum
1022 2773 1078 2841 vel
1099 2773 1244 2840 maxime
1266 2774 1400 2862 propria

115 2869 184 2934 iam
200 2868 289 2956 apud
300 2868 483 2937 Homerum
499 2870 678 2954 invenitur,
696 2871 756 2937 sed
772 2872 820 2938 eis
835 2872 971 2938 tautum
988 2871 1179 2937 continetur
1192 2872 1397 2956 notionibus,

116 2966 238 3053 quibus
260 2969 347 3034 sicut
370 2968 461 3055 apud
478 2965 682 3034 Simonidem
705 2967 767 3049 4‚5
791 2967 879 3054 3o,2
903 2968 1136 3054 significantur
1157 2990 1321 3056 personae
1343 2970 1400 3037 vei

117 3066 219 3132 etiam
242 3064 410 3132 animalia.
457 3065 578 3131 Omnia
599 3065 699 3132 huius
722 3064 813 3132 modi
836 3066 927 3153 apud
941 3066 1124 3132 Homerum
1139 3065 1286 3133 formata
1305 3067 1400 3134 brevi

115 3164 151 3230 iu
174 3165 355 3250 conspectu
377 3165 492 3250 posuit
514 3163 537 3229 I.
560 3161 610 3230 La
631 3163 745 3230 Roche
767 3165 803 3230 in
834 3163 1069 3231 dissertatione
1093 3183 1180 3250 quae
1209 3163 1400 3231 inscribitur

115 3264 182 3332 Dte
203 3262 309 3332 Lebre
330 3284 393 3331 von
415 3265 473 3332 der
495 3265 706 3350 Kongoustos,
730 3265 784 3331 nn
799 3263 936 3350 Bcitrup
956 3285 1019 3332 aar
1040 3262 1254 3348 prtecbnscben
1269 3263 1400 3350 Syrtica

114 3362 151 3426 in
178 3362 300 3431 Ztscbr.
321 3363 346 3449 f.
369 3364 398 3430 d.
423 3363 668 3448 &siccatione
691 3362 757 3429 vol.
773 3362 817 3428 22
839 3383 870 3448 p.
886 3361 953 3429 752
965 3381 1034 3447 sqq.
1081 3357 1155 3439 Qua
1176 3361 1212 3424 in
1235 3361 1399 3426 sermonis

115 3458 319 3544 proprietate
350 3458 488 3543 elegiaci
519 3457 653 3545 quidem
682 3457 865 3526 Homerum
895 3462 976 3525 sunt
1003 3457 1124 3541 secuti,
1157 3456 1259 3523 attius
1282 3459 1399 3523 tamen

116 3559 331 3624 surrexerunt
353 3557 463 3624 melici
479 3578 520 3624 ac
540 3557 751 3644 potissimum
767 3557 886 3642 tragici
907 3559 965 3640 ita,
989 3555 1078 3643 quod
1095 3555 1194 3622 sicuti
1210 3553 1398 3622 Simonides

115 3652 151 3716 in
172 3649 267 3736 frgm.
283 3653 314 3738 4,
328 3653 348 3720 6
373 3651 486 3721 adres
503 3674 635 3741 quoque
651 3654 887 3737 significandas
912 3654 1130 3722 substantiva
1153 3653 1399 3720 coniunxerunt

116 3769 192 3816 cum
207 3749 440 3819 substantivis.
475 3750 527 3818 lin
543 3751 712 3838 exempla:
729 3750 829 3838 Soph.
845 3752 961 3820 Trach.
978 3753 1043 3820 302
1052 3754 1077 3842 ⁴)
1094 3754 1211 3819 δοῦλον
1225 3754 1296 3837 βίον
1322 3749 1399 3818 Eur.

115 3845 183 3913 Ion.
199 3846 284 3915 1373
308 3851 431 3935 οἰκέιην
461 3852 545 3935 piton
576 3847 673 3937 plura
704 3849 854 3916 afferunt
875 3849 925 3917 La
947 3850 1059 3918 Roche
1082 3850 1102 3918 l.
1124 3873 1149 3918 c.
1174 3854 1209 3917 et
1230 3849 1397 3935 Kuehner,

116 3945 285 4029 Aosfrtbrl.
319 3948 462 4016 mamm.
495 3950 524 4015 d.
555 3948 670 4034 putsch.
701 3949 773 4033 Spu.
802 3947 884 4029 11⁸‚1
917 3969 947 4035 p.
969 3948 1035 4016 272
1055 3970 1102 4036 sq.
1137 3947 1226 4037 (tert.
1258 3948 1308 4014 ed.
1332 3968 1398 4016 cur.

116 4038 245 4129 Gerib),
270 4042 490 4126 elegiacorum
514 4065 612 4111 usum
636 4045 794 4131 exposuit
816 4045 1002 4130 HLWeigel
1024 4047 1060 4112 in
1084 4046 1320 4113 dissertatione
1343 4045 1398 4113 in·

226 4221 244 4288 ¹)
262 4219 376 4276 Numeri
395 4225 463 4277 sunt
480 4221 658 4292 Bergkianae
677 4221 810 4277 editionis
829 4225 954 4293 quartae.

224 4300 243 4372 ¹)
262 4301 393 4356 nimirum
412 4301 467 4357 hoc
486 4301 549 4356 loco
568 4301 604 4356 de
622 4305 750 4373 tempore
763 4301 852 4357 verba
869 4301 942 4358 iacit
959 4305 1106 4375 amquam
1125 4303 1159 4358 de
1177 4319 1306 4376 persona,
1325 4303 1399 4359 sicut

116 4377 255 4435 Homerus
274 4380 309 4436 de
326 4397 434 4448 somno,
454 4379 510 4437 vid.
528 4397 556 4452 p.
569 4380 613 4439 31.

224 4459 244 4530 ⁸)
262 4459 345 4531 irgm.
363 4460 431 4525 88,1
458 4456 597 4528 dominre
614 4457 753 4532 Χάρυβδιν
783 4465 877 4517 utrum
903 4462 932 4518 in
958 4463 1013 4518 boc
1038 4458 1154 4518 numero
1179 4464 1217 4519 sit
1235 4455 1445 4611 babendumff

116 4555 214 4606 necue,
233 4539 379 4606 incertum,
399 4539 457 4597 rid.
476 4557 504 4612 p.
522 4540 566 4597 83.
1409 4589 1412 4606 .
1460 4543 1464 4550 '

224 4617 246 4689 ⁴)
265 4635 280 4674 e
299 4620 463 4676 recensione
483 4621 515 4676 G.
529 4621 651 4676 Dindori
668 4622 711 4677 ed.
731 4623 838 4678 MekIer
857 4621 934 4678 1885.
1368 4553 1399 4670 Op
