3272 5040
800 287 1022 355 ,66-

270 469 305 532 at
326 468 362 532 in
384 465 607 532 locutionibus
632 465 878 532 conformandis
906 469 941 532 et
963 465 998 532 in
1022 466 1161 549 singulis
1185 464 1359 532 vocabulis
1383 464 1554 550 eligendis.

269 564 379 631 Vertit
411 563 499 629 enim
529 565 563 629 in
595 585 693 629 usum
718 584 817 630 suum
841 585 858 630 e
883 563 1037 630 carminis
1060 563 1154 630 heroi
1177 583 1330 629 sermone
1353 562 1464 629 multa
1486 583 1555 629 non

270 662 379 728 solum
401 661 641 748 posterioribus
656 661 862 749 temporibus
878 662 913 727 in
929 662 1020 727 omni
1036 661 1190 727 dictionis
1206 681 1326 744 genere
1341 660 1553 746 pervulgata,

270 779 387 826 verum
411 759 513 825 etiam
543 760 668 825 rariora
700 760 787 825 sicut
810 759 970 846 imprimis
994 761 1136 844 δασπλής
1159 761 1282 841 ἁωτέω,
1314 759 1436 844 quibus
1459 758 1553 825 nullo

269 858 405 942 negotio
444 856 565 923 addere
599 857 725 943 poteris
763 856 832 922 alia
861 855 968 924 veluti
1006 859 1086 942 ἀήτα
1118 858 1303 941 ὀρυμαγδός
1333 859 1555 941 ἀνεμοτρεφής

271 957 492 1040 ἐννοσίφυλλος
514 957 714 1040 πολύβοτρυς
734 959 864 1039 οἴνυμαι
883 958 1032 1040 κνώσσω,
1056 954 1144 1021 ultro
1172 953 1394 1020 reconditiora
1420 954 1555 1020 videtur

269 1053 467 1139 repitivisse,
480 1074 567 1139 quae
580 1075 656 1119 oum
667 1055 854 1139 usurparet,
866 1052 1005 1119 dubium
1017 1057 1070 1119 est
1082 1074 1126 1119 an
1139 1073 1161 1118 a
1171 1055 1265 1118 recta
1275 1051 1554 1138 interpretatione

269 1149 437 1217 interdum
468 1151 684 1232 aberraverit,
716 1149 772 1217 cfr.
797 1151 840 1217 ad
863 1153 989 1237 ἥδυμος
1013 1153 1048 1216 et
1069 1153 1283 1235 μπαμώνιος;
1315 1147 1435 1216 deinde
1459 1150 1555 1236 epioe

269 1248 422 1314 imitatus
445 1269 688 1335 nonnunquam
707 1251 823 1314 tamen
838 1249 945 1315 forma
960 1247 1145 1335 paullulum
1162 1246 1203 1313 de
1218 1247 1385 1313 industria
1398 1247 1552 1329 novavit,

269 1345 334 1412 vid
362 1344 406 1412 ad
428 1348 601 1418 ἀπέλαστος
624 1348 811 1431 δακὲδυμος
833 1346 903 1432 (pro
932 1347 1024 1433 epioe
1050 1344 1257 1432 θυμοδακὴς)
1282 1347 1467 1429 δολσμήδης
1491 1348 1552 1428 ἐρί-

269 1447 387 1516 δσλλος
417 1446 570 1529 εὕρυέδης
599 1448 829 1529 τανυπτέρυγος
856 1447 1049 1529 χλωραύχην
1080 1443 1251 1530 (lusciniae
1283 1442 1470 1529 epithetum
1493 1464 1551 1529 pro

270 1541 444 1608 Homerico
467 1543 616 1630 χλωρηῒς)
640 1544 761 1617 ξανθόν
783 1545 854 1626 μέλι
876 1543 959 1625 (loco
984 1541 1066 1628 epici
1088 1543 1159 1626 μέλι
1181 1543 1330 1626 χλωρόν).

376 1638 476 1705 Porro
504 1639 624 1726 lyricis
657 1641 714 1726 qui
737 1643 817 1706 ante
841 1661 919 1706 eum
941 1640 1137 1724 floruerunt,
1169 1638 1333 1704 nonnulla
1356 1636 1471 1723 debet;
1501 1639 1553 1703 in-

269 1737 424 1803 venimus
437 1736 569 1824 quidem
581 1735 783 1804 locutionem
799 1741 915 1823 κωτίλη
929 1740 1064 1822 χελιδών
1080 1741 1113 1802 et
1130 1735 1317 1822 epithetum
1332 1737 1554 1821 χρυσόπεπλος

270 1835 313 1902 ab
329 1835 551 1919 Anacreonte,
574 1838 763 1921 κενεόφρων
786 1857 808 1902 a
823 1834 1015 1918 Theognide
1038 1837 1236 1921 occupatum
1260 1832 1426 1919 (conferas
1451 1837 1553 1900 etiam

269 1931 307 1999 fr.
330 1932 376 1999 74
398 1935 507 2017 ἄγγελε
530 1988 537 2002 .
563 1985 569 1998 .
595 1985 602 1998 .
625 1938 721 2019 ἔαρος
744 1954 821 2000 aum
844 1932 1000 2020 Sapphus
1024 1933 1090 2019 39).

376 2030 444 2096 Nec
467 2051 547 2097 vero
571 2032 738 2117 quaedam
761 2031 872 2119 lyricis
895 2031 1003 2117 poetis
1028 2030 1163 2097 omnino
1187 2029 1319 2116 propria
1335 2027 1426 2116 apud
1442 2028 1552 2096 Simo-

269 2129 381 2194 nidem
403 2126 644 2211 desiderantur,
666 2128 737 2195 dico
760 2130 937 2215 praecipue
961 2128 1111 2215 epitheta
1126 2127 1315 2215 praeposito
1338 2131 1384 2193 ἰο-
1408 2127 1553 2211 insignia

270 2229 305 2293 et
328 2224 495 2292 adiectiva
518 2228 704 2314 composita
725 2227 893 2293 interdixis
915 2226 1035 2292 littoris
1060 2253 1121 2292 -οι-
1144 2227 1318 2292 instructa

377 2323 465 2389 Sunt
499 2324 601 2390 etiam
633 2345 719 2410 quae
750 2325 838 2411 apud
863 2323 1065 2390 Simonidem
1096 2323 1360 2408 significationes
1382 2321 1553 2389 induerint
1621 2407 1622 2420 ρ

270 2424 373 2489 antea
402 2423 546 2507 ignotas
579 2421 697 2488 deinde
727 2413 838 2509 lyricis
869 2422 924 2488 vel
953 2422 1099 2487 maxime
1127 2425 1188 2488 aut
1210 2421 1345 2505 tragicis
1367 2420 1551 2506 peculiares

269 2519 377 2586 veluti
398 2522 561 2604 βλέφαρον
583 2521 707 2604 κόσμος
729 2522 844 2593 ἀέναος
865 2523 963 2605 νέμω.

376 2616 555 2684 Praeterea
584 2618 619 2683 in
649 2620 752 2704 poeta
775 2617 840 2685 (leo
871 2639 939 2685 non
969 2617 1164 2684 mirabimur
1191 2617 1280 2704 quod
1302 2615 1473 2682 vocabula
1497 2615 1552 2683 do-

269 2714 505 2802 prehendimus
528 2716 652 2800 lonica3
676 2737 694 2782 e
718 2717 839 2804 quibus
862 2719 977 2784 tamen
1000 2737 1043 2782 ne
1066 2735 1172 2781 unum
1196 2713 1329 2802 quidem
1351 2714 1552 2798 invenimus

270 2813 351 2899 quin
374 2812 464 2900 apud
480 2816 606 2880 ceteros
622 2817 741 2900 poetas
765 2835 909 2902 usquam
924 2815 1068 2899 legatum
1092 2813 1157 2880 vid.
1175 2815 1382 2898 δυσφροσύνα
1401 2815 1553 2899 μεληδών
1620 2837 1621 2848 ’

268 2917 397 2994 μνᾶστις
420 2913 603 2987 ξεινοδόκος
624 2915 755 2986 πίσυνος
779 2915 907 2998 δίζημαι
930 2916 1057 2997 ἒσορόω
1081 2915 1211 2996 στυχὲω.

376 3010 497 3076 Restat
516 3009 638 3093 exigua
654 3031 768 3076 eorum
783 3009 1023 3077 vocabulorum
1039 3011 1143 3097 copia,
1170 3029 1256 3096 quae
1272 3009 1317 3074 ab
1333 3009 1434 3096 epicis
1449 3008 1551 3095 plane

270 3105 381 3172 aliena
416 3105 506 3194 apud
536 3108 666 3174 Atticos
704 3109 838 3174 demum
869 3107 1135 3195 frequentantur,
1171 3107 1225 3173 cir.
1256 3105 1416 3194 imprimis
1446 3110 1554 3192 ψόγος

268 3206 382 3290 μωρός
404 3208 522 3288 δραύω
545 3209 675 3282 κωλύω,
699 3205 867 3272 adiectiva
889 3206 924 3271 in
948 3207 1021 3271 δυσ·
1037 3257 1044 3270 .
1061 3256 1068 3270 .
1085 3231 1161 3278 -τος,

376 3303 549 3368 Postremo
572 3303 644 3369 loco
668 3304 732 3370 hoc
751 3324 857 3369 unum
873 3323 1179 3388 commemoremus,
1204 3305 1324 3389 poetas
1339 3305 1425 3368 natu
1442 3302 1552 3370 Simo-

270 3398 346 3466 nide
369 3400 513 3466 minores
537 3399 621 3466 alios
644 3400 728 3467 alias
751 3401 909 3486 praebere
932 3399 1117 3467 locutiones
1141 3400 1184 3466 ab
1207 3400 1264 3466 illo
1287 3400 1384 3467 nobis
1407 3400 1553 3487 primum

270 3501 438 3581 servatas3
463 3497 519 3563 cir.
542 3497 580 3564 fr.
603 3497 673 3581 4,5
696 3501 916 3584 πανδαμάτωρ
939 3500 1055 3583 χρόνος
1097 3499 1183 3582 5,11
1208 3501 1374 3583 ἀμόχανος
1397 3501 1551 3583 συμφορά

270 3595 357 3679 5,16
388 3598 549 3678 ἄπρακτος
579 3597 663 3669 ἐλπίς
709 3596 795 3679 36,3
827 3599 996 3669 ἀκίνδυνος
1025 3599 1094 3682 βίος
1140 3597 1226 3679 37,1
1251 3599 1371 3680 λάρναξ
1401 3598 1551 3662 δσιδαλὲα

269 3693 323 3777 46,
333 3694 353 3760 3
365 3695 533 3778 καλλιβόας
542 3697 638 3767 αὐλός
661 3695 744 3776 71,3
758 3696 899 3772 ζαλωτὸς
910 3698 991 3760 αἰών
1014 3697 1088 3778 74,1
1100 3699 1157 3779 ἔαρ
1170 3697 1337 3779 ἇδύοδμον
1367 3693 1432 3759 231
1446 3697 1549 3779 ἀρίστ-

270 3817 370 3876 αρχος
393 3793 475 3863 Ζεύς
509 3792 574 3858 250
590 3796 729 3878 φύξιμος
752 3795 837 3878 ὀδμή
871 3793 935 3875 4,5
951 3796 1067 3878 χρόνος
1090 3796 1246 3877 ἀμσυροῖ;
1278 3813 1362 3878 quas
1394 3794 1549 3858 utrume

270 3887 439 3956 Simonide
456 3888 719 3976 deprompserint
734 3912 778 3956 an
795 3911 837 3956 ex
853 3890 938 3957 alius
954 3896 1075 3978 poetae
1090 3890 1162 3956 loco
1179 3888 1308 3976 perdito
1325 3911 1369 3956 an
1386 3889 1549 3973 evulgari
1617 3915 1618 3961 r

269 4007 345 4069 usu,
368 4005 427 4073 pro
451 3988 540 4052 certo
565 3987 737 4054 diiudicari
759 3988 953 4076 plerumque
976 3989 1100 4076 nequit.
