3272 5040
640 278 861 344 -45‚..

104 460 209 530 τέκος.
241 456 429 523 Simonides
445 456 571 523 dictum
594 455 670 522 vult
685 455 727 522 de
742 455 944 539 infantibus3
968 458 1073 522 antea
1094 455 1153 522 ubi
1176 457 1299 540 exstat,
1322 475 1392 522 non

106 554 175 620 nisi
192 555 234 621 de
251 554 445 622 animalium
460 553 560 641 pullis
575 553 778 620 lactentibus
800 556 853 619 est
868 574 931 638 res,
955 553 1011 621 cfr.
1027 552 1124 620 Hom.
1142 555 1160 618 d
1176 553 1242 620 336
1257 553 1394 638 νεβροὺς

106 656 291 738 κοιμήσασα
304 656 467 737 νεηγενέας
479 655 744 737 γαλαύηνούςερ
756 651 818 718 127
846 653 965 717 Anacr.
978 652 1059 734 51,2
1069 652 1185 736 νεβρὸν
1200 652 1392 736 γαλαθηνόν.

107 751 206 818 Alios
229 751 319 817 locos
343 749 485 817 oontth
508 751 705 816 Athenaeus
727 748 782 824 IX,
793 748 857 814 396
871 747 972 836 Osqq.

218 850 447 933 δαιμόνιος.
484 847 523 914 fr.
539 847 615 930 23,3
634 849 799 932 δαιμονίαν
823 849 855 918 ἐς
877 850 981 931 ὕβριν
1018 847 1056 912 In
1073 846 1174 932 apicis
1190 846 1393 916 carminibus

105 948 210 1014 huius
246 946 403 1024 adieetivi
435 945 612 1012 vocativus
642 948 777 1012 tantum
809 945 987 1010 adhibetur
1020 943 1064 1009 ad
1094 944 1267 1010 hominum
1299 965 1391 1010 oom-

104 1045 309 1132 pellationes
332 1046 393 1110 aut
416 1042 713 1110 commiserationis
744 1047 805 1108 aut
831 1041 1071 1125 indignationis
1094 1039 1392 1128 plenas²⁸);1apud

107 1141 314 1209 Simonidem
336 1162 416 1208 vero
433 1141 575 1228 primum
599 1140 685 1210 alius
709 1160 807 1206 casus
831 1138 873 1205 ad
889 1160 959 1206 rem
976 1137 1125 1206 divinam
1147 1137 1167 1204 i.
1184 1158 1212 1206 e.
1233 1137 1393 1206 eximiam

107 1238 378 1324 significandam,
410 1238 529 1306 deinde
563 1259 664 1326 saepe
695 1236 786 1324 apud
814 1237 1005 1328 Pindarum,
1036 1236 1126 1324 apud
1156 1235 1394 1324 Bacchylidem

106 1338 215 1404 semel
248 1337 321 1421 XV,
339 1337 381 1403 36
417 1335 653 1422 nonnullisque
687 1336 767 1402 locis
801 1335 891 1422 apud
926 1334 1075 1401 scenicos
1110 1337 1145 1400 et
1177 1334 1213 1400 in
1246 1332 1392 1420 pedestri

106 1436 270 1502 oratione.

158 1569 161 1576 .
216 1535 445 1618 καμπύλος.
480 1531 519 1598 fr.
540 1531 623 1616 29,3
647 1533 815 1616 καμπύλον
837 1533 934 1616 μέλος
957 1533 1095 1596 διώκων.
1140 1529 1278 1612 Legitur
1306 1528 1393 1596 hacc

105 1653 178 1698 vox
201 1630 291 1717 apud
315 1633 443 1696 ceteros
467 1629 578 1716 epicos
593 1628 779 1716 lyricosque
803 1651 870 1696 non
893 1629 959 1694 nisi
977 1630 1107 1714 proprio
1131 1649 1242 1709 sensu,
1267 1626 1315 1693 sic
1338 1648 1392 1714 ap.

106 1729 207 1796 Hom.
231 1756 260 1795 κ.
284 1732 372 1812 ἅρμα
387 1726 434 1813 (Ε
453 1727 532 1812 231)
571 1729 647 1802 τόξα
662 1725 709 1812 (Γ
729 1729 769 1794 17
793 1726 885 1815 alibi)
919 1729 1021 1792 κύκλα
1037 1725 1082 1812 (Ε
1101 1725 1190 1813 722),
1218 1753 1248 1792 κ.
1271 1727 1391 1810 ἄροτρα

106 1827 152 1910 (h.
178 1826 246 1894 Ger.
263 1825 328 1892 309
352 1823 416 1891 Sol.
436 1825 486 1907 13,
494 1825 550 1908 48)
583 1823 657 1892 alia.
704 1823 892 1891 Simonides
922 1824 985 1890 hoe
1016 1823 1211 1910 epithetum⁸
1235 1823 1390 1890 attribuit

108 1924 251 1991 carmini
268 1923 370 2006 solus,
394 1926 434 1988 ut
448 1922 588 1989 videtur.
627 1924 674 1994 At
689 1922 871 2009 comparari
887 1924 1000 2008 potest
1016 1920 1189 2008 Eupolidis
1211 1919 1249 1986 fr.
1266 1920 1330 1986 336
1338 1921 1392 2007 ”lx

106 2025 163 2087 καὶ
183 2021 349 2105 (Eustath.
365 2024 398 2105 ἡ)
420 2023 558 2106 μουσικὴ
574 2024 695 2105 πρᾶγμ’
719 2023 781 2086 ἐστὶ
796 2022 884 2105 dudd
907 2046 934 2084 τι
957 2021 1011 2085 καὶ
1025 2021 1203 2104 καμπύλον,
1229 2040 1294 2105 quo
1317 2017 1390 2084 loco

108 2137 187 2185 cum
209 2119 251 2184 iis
279 2117 421 2205 quidem,
452 2139 538 2205 quae
563 2118 689 2184 tradita
711 2120 801 2200 sunt,
824 2117 936 2183 verbis
966 2137 1084 2183 versus
1115 2138 1182 2183 non
1216 2116 1389 2198 efficiatur,
1469 2187 1470 2190 ,

106 2207 258 2282 Kockius
290 2219 459 2301 καμπύλον
489 2218 679 2301 corruptum
711 2235 785 2294 esse
815 2218 910 2281 ratus
942 2217 994 2280 est
1027 2235 1044 2280 e
1073 2214 1306 2281 coniunctione
1336 2215 1393 2279 καὶ

18 2306 20 2308 ’
107 2313 199 2380 male
222 2315 365 2400 repetita
389 2317 424 2380 et
447 2311 613 2380 adiectivo
636 2315 767 2380 πυκνόν.
812 2313 975 2380 Attamen
998 2338 1052 2378 και
1074 2338 1158 2398 uap-
1183 2311 1332 2400 syllabas
1354 2311 1390 2376 in

107 2433 214 2479 unam
230 2409 342 2497 potius
366 2410 551 2477 coalescere
571 2411 721 2497 potuisse
737 2411 855 2498 (atque
880 2411 992 2476 omisit
1006 2409 1174 2477 Athenaei
1196 2431 1285 2476 nnus
1307 2409 1393 2476 liber

107 2508 184 2595 καί)
209 2531 311 2596 quam
333 2512 390 2574 καί
419 2530 493 2576 esse
523 2508 700 2595 repetitam
723 2530 782 2595 per
810 2531 845 2575 se
869 2509 1080 2575 verisimilius
1104 2509 1247 2590 videtur,
1280 2527 1390 2594 neque

108 2607 200 2693 quod
222 2605 370 2673 Kockius
393 2607 555 2674 musicam
587 2611 674 2672 certe
705 2627 814 2692 neque
838 2608 1005 2691 καμπύλος
1034 2627 1144 2693 neque
1167 2608 1305 2690 ἀγκύλος
1327 2604 1391 2672 dici

105 2725 208 2791 posse
240 2705 413 2772 contendit
444 2703 640 2790 adstipulari
671 2704 780 2770 ausim
811 2703 941 2770 collatis
964 2703 1056 2770 haud
1078 2705 1194 2790 paucis
1226 2704 1275 2772 eis
1297 2702 1390 2791 loeis,

106 2802 230 2888 quibus
248 2801 408 2868 curvandi
423 2802 515 2868 notio
533 2802 577 2868 ad
593 2823 664 2868 rem
680 2802 843 2868 musicam
858 2802 1067 2884 transfertur,
1085 2802 1190 2867 veluti
1201 2801 1389 2868 Pherecrat

104 2900 143 2966 ir.
164 2899 227 2966 145
258 2899 424 2985 Aristoph.
440 2899 525 2965 Nub.
542 2900 608 2966 970
638 2898 868 2965 Philostr.Vit.
885 2897 983 2985 Soph.
1000 2920 1025 2965 ε.
1038 2898 1081 2964 28
1105 2897 1225 2986 (volss
1247 2919 1277 2985 p.
1291 2898 1391 2996 120,7

107 2997 157 3065 ed.
181 2997 335 3084 Kayser).
385 2997 502 3084 Itaque
535 2999 704 3082 καμπύλον
734 2996 798 3062 1]οε
828 3017 846 3062 e
876 3017 978 3062 versu
1001 2995 1165 3083 expellere
1198 2995 1389 3076 dubitarim,

107 3095 251 3162 scribere
275 3093 467 3181 protulerim
500 3095 626 3160 omissa
655 3093 819 3180 particula
848 3119 876 3158 τι
907 3113 983 3160 oum
1007 3091 1134 3160 Grotio:
1166 3097 1221 3159 καὶ
1249 3094 1390 3178 μουσικὴ
1500 3099 1502 3104 “

105 3197 233 3277 πρᾶγμ’
259 3195 321 3259 ἐστὶ
343 3194 431 3277 βαύύ
454 3195 509 3258 καὶ
530 3195 701 3277 καμπύλον
731 3192 751 3257 i.
775 3214 802 3258 o.
835 3212 910 3276 „ros
932 3191 1097 3258 varietate
1127 3191 1391 3278 (harmoniarum

107 3296 142 3357 et
166 3288 399 3377 melodiarum)
421 3292 630 3376 praestans“.
1235 3345 1236 3350 ,

215 3391 492 3472 μεταμώνιος.
537 3386 576 3454 fr.
596 3387 636 3454 16
659 3391 749 3454 κονία
774 3389 809 3453 δὲ
825 3436 831 3452 .
848 3441 855 3454 .
872 3442 878 3455 .
894 3390 1103 3471 μεταμώνιος.
1149 3385 1256 3454 Etde
1278 3385 1391 3452 forma

106 3480 148 3552 et
175 3485 217 3552 de
247 3486 283 3552 vi
311 3485 404 3552 vocis
434 3484 622 3568 ambigitur.
667 3483 766 3570 Apud
788 3483 969 3550 Homerum
1000 3487 1054 3576 est
1075 3485 1199 3571 ubique
1226 3483 1388 3567 ,inanis“,

107 3583 165 3650 cfr.
190 3583 215 3646 Δ
234 3582 298 3648 363
332 3583 413 3668 β98
425 3609 479 3646 =r
495 3581 559 3648 143
571 3615 598 3637 =
610 3608 639 3648 ω
658 3583 720 3649 133
755 3608 774 3648 σ
790 3582 855 3648 332
867 3615 893 3636 =
906 3582 981 3666 392,
1006 3583 1126 3668 quibus
1150 3581 1304 3648 omnibus
1319 3581 1391 3648 fere

105 3681 188 3748 locis
220 3685 333 3745 utrum
362 3683 562 3764 μεταμώλιος
593 3701 637 3746 an
668 3683 868 3765 praeputatos
898 3681 943 3746 sit
977 3680 1188 3746 scribendum
1223 3683 1282 3746 aut
1315 3679 1390 3745 libri

107 3781 171 3845 aut
193 3778 393 3863 interpretes
418 3778 549 3864 antiqui
572 3777 793 3860 dissentiunt,
822 3776 987 3843 Pindarus
1010 3798 1089 3844 vero
1112 3777 1307 3844 habetnon
1324 3777 1391 3843 nisi

106 3875 251 3942 formam
282 3875 395 3940 littera
418 3902 436 3942 ν
465 3876 630 3959 insignem
657 3895 797 3962 eamque
822 3874 939 3940 eadem
962 3878 1099 3942 notione
1123 3896 1190 3962 qua
1211 3874 1388 3958 Homerus

107 3972 164 4038 cfr.
189 3970 236 4038 Ol
260 3971 364 4056 XH,6
396 3972 494 4059 Pyth.
518 3971 642 4057 111,23;
674 3993 735 4040 nec
767 3973 899 4039 diversa
930 3975 982 4038 est
1011 3975 1103 4038 vocis
1128 3972 1255 4059 species
1279 3975 1314 4038 et
1336 3973 1398 4064 vis¹

108 4093 160 4157 ap.
189 4069 352 4136 Theocrit.
375 4069 476 4153 XXII,
494 4069 558 4135 181
590 4069 659 4156 (cfr.
686 4069 782 4137 Hom.
806 4071 831 4134 Δ
856 4070 935 4156 363)
975 4070 1126 4156 Apollon.
1153 4068 1258 4136 Rhod.
1281 4069 1305 4152 I,
1323 4069 1385 4135 491

107 4166 292 4253 (staffort
322 4165 464 4234 alteram
493 4165 671 4234 lectionem
702 4167 897 4257 scholiasta)
927 4167 1064 4234 Nicand.
1088 4168 1184 4234 Ther.
1211 4167 1273 4233 152
1290 4218 1297 4234 .
1313 4168 1387 4235 737.

107 4264 169 4330 His
193 4263 322 4330 accedit
339 4265 506 4352 Aristoph.
522 4265 597 4330 Pac.
615 4265 689 4350 117,
713 4265 772 4332 ubi
788 4264 904 4332 eadem
921 4267 1053 4352 qnidam
1068 4267 1175 4332 torma
1189 4269 1392 4351 μεταμώνιος
1455 4339 1458 4346 ,

216 4495 248 4563 ¹⁸)
268 4496 388 4566 excepto
407 4511 464 4549 uno
483 4495 547 4550 loco
567 4494 662 4564 hymn.
681 4495 766 4551 Mero.
785 4495 841 4566 [97]
858 4499 982 4552 ceterum
1000 4496 1114 4567 insuper
1132 4502 1274 4569 suspecto.

216 4575 248 4646 ²⁰)
267 4574 441 4629 comicorum
460 4575 519 4629 Att.
538 4573 622 4644 frgm.
641 4575 684 4630 ed.
703 4575 756 4631 rh.
775 4576 856 4631 Koolr
876 4576 1023 4648 1880sqq.
1082 4621 1084 4625 .
