3272 5040
655 293 856 360 ..9-

107 468 260 556 quadam
276 469 414 535 notione
429 469 616 552 insignibus
633 471 704 536 sive
721 471 895 554 gnomicis3
919 493 1021 557 quare
1037 491 1107 538 non
1122 473 1289 550 miramur,
1307 471 1395 561 quod

108 568 169 634 vel
191 568 337 632 maxime
361 567 451 654 apud
467 566 692 650 Theognidem
708 569 899 634 invenimus
914 567 1175 655 frequentem,
1192 571 1246 638 cir.
1258 570 1396 654 Weigel.

108 665 175 734 ic.
191 687 221 752 p.
242 665 312 731 132.
359 664 509 731 Eandem
541 665 798 752 explicationem
828 667 913 733 baec
945 666 1083 753 copulae
1114 665 1274 734 detractio
1306 669 1396 754 apud

110 761 319 830 Simonidem
334 762 438 830 habet
454 762 628 829 duodecim
650 764 732 830 locis
755 765 817 848 5,2
831 817 837 830 .
850 764 871 830 6
884 765 936 831 .7.
949 765 990 832 9.
1006 763 1047 830 14
1079 765 1160 848 32,3
1194 765 1275 850 39,1
1293 787 1341 853 sq.
1354 817 1361 832 .
1374 767 1398 835 5.

109 861 198 954 613
222 861 359 944 71,1.3
383 861 439 946 773
463 864 637 948 praeterea
659 861 781 945 legitur
802 862 924 949 4,2sq.
948 862 1033 947 57,o
1057 863 1109 947 75,
1118 863 1147 930 3.

222 959 437 1045 Participium
479 963 646 1044 εἰρημένον
682 960 824 1048 deniqne
864 961 1031 1027 omittitur
1063 959 1101 1027 fr.
1127 962 1195 1044 5,8
1230 963 1308 1028 οὐδέ
1339 987 1397 1046 μαι

110 1060 277 1143 ἐμμελέως
310 1058 346 1122 τὸ
379 1057 563 1123 Πιττάκειον
593 1061 717 1142 νέμεται
752 1057 878 1125 scilicet
909 1063 1044 1146 propter
1078 1058 1220 1126 eandem
1253 1058 1396 1126 formam

110 1159 280 1242 εἰρημένον
302 1155 452 1241 proximo
474 1175 576 1222 versu
600 1176 801 1242 expressam.

221 1253 338 1320 Altera
350 1255 404 1320 est
415 1252 569 1340 ellipseos
581 1253 691 1320 forma
705 1255 736 1336 ὅ,
749 1256 790 1322 17
807 1257 1013 1340 πανάμαιμον
1025 1257 1212 1339 ἄνθρωπον,
1228 1256 1396 1338 εὐροέόεος

111 1354 185 1419 ὅσοι
207 1353 333 1437 καρπὸν
352 1355 510 1437 αἰνύμεθα
526 1354 655 1437 χθονός.
679 1351 777 1419 Oeret
793 1351 882 1418 enim
899 1353 1070 1419 sententie
1093 1351 1237 1418 relativa
1259 1353 1395 1418 notione

110 1449 271 1537 quadam,
288 1448 395 1516 veluti
409 1453 537 1516 πάντων
553 1453 657 1535 ἡμῶν,
674 1472 739 1538 quo
755 1451 930 1534 reseratum
948 1449 1049 1516 immo
1065 1451 1140 1537 ipsa
1154 1449 1233 1517 tntis
1248 1449 1395 1516 notionis

111 1547 225 1614 locum
257 1548 388 1615 obtinet
418 1551 457 1614 ut
487 1547 578 1634 apud
600 1547 782 1615 Homerum
812 1549 901 1634 β28
928 1552 994 1614 τίνα
1025 1550 1123 1634 χρειὼ
1146 1550 1240 1614 τόσον
1271 1551 1329 1614 ἵκει
1359 1549 1396 1633 ἠὲ

111 1649 198 1712 νέων
221 1649 350 1731 ἀνδρῶν
372 1651 392 1731 ἢ
416 1650 451 1712 οἳ
468 1650 708 1730 προγενέστεροί
728 1651 803 1714 εἰσιν
827 1646 915 1714 alibi.

220 1742 455 1810 Memorandus
494 1742 637 1831 denique
682 1746 717 1811 in
756 1748 906 1812 extrema
944 1745 1009 1811 hac
1048 1745 1166 1832 capitis
1208 1746 1303 1832 parte
1343 1747 1396 1812 est

112 1840 307 1928 epitheti
337 1840 393 1907 ille
423 1863 542 1926 usne,
580 1863 679 1928 quem
709 1843 918 1926 grammatici
941 1842 1058 1910 dicunt
1087 1843 1393 1930 prolepticum‚

111 1942 149 2005 in
171 1938 265 2024 frgm.
281 1939 365 2020 5,16
389 1941 495 2005 οὔποτ’
521 1941 585 2023 ἐγὼ
599 1991 605 2004 .
618 1990 625 2006 .
639 1991 646 2004 .
662 1942 773 2006 κενεὰν
796 1944 828 2014 ἒς
843 1945 1006 2026 ἄπρακτον
1021 1944 1130 2008 ἐλπίδα
1145 1949 1263 2025 μοῖραν
1278 1945 1396 2012 αἰῶνος

110 2040 230 2122 βαλέω.
276 2037 437 2123 Exempla
466 2037 611 2123 proferre
650 2039 735 2104 satis
765 2038 875 2106 habco
907 2061 949 2106 ex
976 2039 1120 2104 Homero
1153 2038 1219 2104 Ξ6
1250 2041 1294 2110 εἰς
1317 2040 1337 2104 ὅ
1358 2064 1395 2103 κε

112 2137 221 2220 θερμά
249 2136 361 2218 λοετρὰ
382 2184 389 2201 .
410 2185 417 2202 .
439 2137 597 2220 θερμήνῃ,
630 2157 672 2202 ex
699 2135 843 2203 Pindaro
875 2135 922 2202 Ol.
945 2136 969 2221 l,
983 2137 1027 2202 68
1037 2139 1060 2222 ⁹)
1092 2138 1204 2221 λάχναι
1226 2163 1274 2202 νιν
1296 2139 1395 2220 μέλαν

112 2237 232 2318 γένειον
247 2237 374 2318 ἔρεφον,
398 2233 454 2298 vel
477 2233 655 2318 etragiciS,
681 2231 770 2321 apud
794 2255 878 2321 quos
902 2233 1044 2321 plurima
1067 2237 1214 2318 exstant,
1240 2233 1394 2320 Aeschyl.

111 2333 174 2414 Ag.
193 2331 278 2398 1247
300 2335 518 2417 εὔφημον...
542 2333 699 2416 κοίμησον
721 2334 831 2416 οτάμο.

221 2427 380 2494 Eiusdem
409 2427 473 2495 loci
503 2427 685 2496 Simonidci
719 2429 836 2496 eadem
871 2430 976 2496 verba
1010 2429 1199 2516 exemplum
1232 2430 1395 2517 praebent

111 2527 305 2613 epitheti
331 2527 599 2610 traiectionis;
615 2547 761 2614 namque
773 2526 893 2594 melius
909 2528 1114 2594 adiectivum
1129 2530 1238 2600 κενεός
1253 2525 1395 2594 refertur

112 2625 157 2692 ad
181 2629 298 2698 αἰῶνος
321 2645 422 2712 quam
438 2623 482 2690 ad
503 2634 629 2710 μοῖραν.
666 2624 793 2691 Notum
809 2629 925 2692 autom
948 2628 1002 2692 est
1017 2625 1105 2692 banc
1127 2625 1271 2709 figuram
1286 2627 1394 2711 poetis

113 2723 244 2810 placere
268 2724 412 2790 maxime
435 2722 546 2810 lyricis
569 2723 780 2810 magicisque,
806 2743 1011 2809 quamquam
1034 2745 1077 2790 ne
1102 2723 1189 2810 apud
1213 2723 1394 2789 Homerum

112 2819 246 2908 quidem
267 2821 390 2888 desunt
404 2821 556 2904 vestigia,
580 2819 635 2886 cfr.
652 2826 670 2897 ξ
685 2820 747 2887 197
771 2822 832 2904 ἐμὰ
855 2823 955 2906 κήδεα
971 2823 1082 2906 θυμοῦ
1112 2821 1204 2886 λῦ41
1223 2824 1257 2886 αῖ
1273 2823 1395 2886 δ’ἄλλαι

112 2921 215 3004 ψυχαὶ
230 2922 356 2986 νεκύων
370 2921 651 3004 καταταλνφώτων.
686 2919 775 2985 Sane
790 2917 950 2984 leniorem
967 2920 1137 3006 quandam
1152 2917 1252 2984 huius
1268 2919 1393 3002 figurae

111 3017 255 3084 formam
279 3017 465 3084 Simonides
497 3015 646 3101 exhibet3
678 3016 882 3083 adiectivum
913 3018 1002 3082 enim
1033 3019 1083 3083 ita
1113 3017 1271 3104 apposuit
1298 3017 1394 3082 alteri

114 3115 330 3182 substantivo
355 3135 431 3180 oum
447 3114 584 3180 alterius
600 3114 748 3198 genitivo
765 3114 953 3198 coniuncto,
977 3119 1016 3180 ut
1031 3118 1205 3202 tamquam
1221 3115 1393 3200 utriusque

112 3213 258 3280 nominis
281 3212 436 3279 attributi
458 3233 595 3279 munere
618 3211 792 3297 fungatur3
822 3212 979 3279 videlicet
1009 3211 1074 3278 duo
1097 3211 1155 3278 ilia
1178 3212 1394 3278 substantiva

112 3319 229 3396 μοῖραν
260 3314 377 3384 αἰῶνος
407 3331 465 3396 pro
497 3331 564 3376 uno
595 3315 686 3376 staro
718 3315 820 3398 atque
851 3311 969 3377 haberi
1003 3314 1154 3396 possunt.
1205 3309 1394 3377 Audaciora

113 3407 300 3475 formarunt
331 3430 406 3475 cum
437 3407 558 3475 chorici
584 3411 659 3474 tum
681 3409 807 3492 tragici,
840 3408 896 3476 cfr.
918 3409 986 3476 Ric.
1008 3407 1152 3491 Schenk‚
1187 3407 1227 3475 de
1258 3409 1394 3492 genuini

113 3526 213 3593 quem
244 3510 368 3573 vocant
398 3507 539 3590 genitivi
570 3527 621 3592 ap.
644 3505 798 3594 Aeschyl.
832 3529 895 3572 usu
926 3507 1012 3572 Diss.
1045 3506 1156 3589 inaug.
1179 3505 1284 3573 Berol.
1309 3506 1393 3572 1882

113 3627 142 3692 p.
159 3605 202 3671 56
215 3626 263 3692 sq.
278 3604 388 3672 Herm.
403 3605 587 3688 Rackwitz,
611 3603 651 3670 dc
676 3605 815 3689 genitivi
838 3626 903 3671 usu
927 3603 1110 3691 Sophocleo
1134 3624 1163 3689 p.
1180 3604 1286 3690 prima
1308 3603 1393 3669 Diss.

112 3703 223 3787 inaug.
247 3702 321 3769 Hel.
341 3703 425 3769 1887
448 3724 478 3790 p.
494 3702 538 3770 46
555 3724 603 3790 sq.

552 3925 583 3991 2.
607 3925 650 3994 de
673 3925 959 4010 pronominibus

218 4050 428 4117 Pronominis
451 4052 470 4116 ὁ
493 4053 514 4134 ἡ
537 4051 580 4114 τό
604 4049 751 4132 genuina
765 4049 819 4115 vis
836 4051 889 4114 est
905 4048 1184 4132 demonstrativa3
1201 4068 1288 4134 quae
1304 4046 1394 4134 apud

112 4147 294 4215 Homerum
316 4148 482 4235 plerisque
498 4147 578 4214 locis
594 4148 772 4214 invenitur.
812 4145 999 4214 Simonides
1016 4146 1150 4233 quidem
1167 4167 1242 4212 eam
1258 4145 1395 4213 exhibet

114 4247 220 4313 tribus
250 4247 331 4313 locis
362 4247 446 4330 18,3
477 4247 628 4318 Μαιάδος
652 4297 658 4310 .
681 4297 687 4311 .
710 4297 716 4310 .
740 4249 836 4311 ἔιιιιιε
865 4247 896 4311 δ’
923 4246 1108 4316 Ἄτλας...
1130 4246 1187 4308 τάν
1218 4247 1246 4328 γ’
1280 4247 1394 4328 ἔξοχον

112 4345 196 4418 eidos
233 4344 322 4428 30,4
344 4346 463 4429 ἐλάφῳ.
486 4345 543 4409 τὰν
571 4346 604 4409 δ’
629 4347 675 4409 ἐπ’
704 4347 775 4429 αὐχ.
800 4369 863 4428 οτρ.
886 4346 948 4411 ιιτὲ.
990 4343 1077 4426 71,3
1104 4349 1159 4414 τᾶς
1182 4343 1210 4407 δ’
1238 4345 1311 4427 ἄτερ
1335 4345 1393 4408 οὐ·

112 4471 326 4484 *—

220 4523 240 4593 ο)
260 4523 303 4577 ed.
323 4521 424 4577 Christ
444 4521 529 4593 (Lips.
551 4521 629 4592 1886)
652 4524 719 4576 sunt
736 4521 859 4588 numeri;
889 4519 1130 4576 Schroederianae
1154 4519 1286 4575 editionis
1310 4519 1393 4591 (bips

116 4601 201 4671 1900),
221 4603 269 4658 ubi
289 4601 434 4667 differunt,
453 4601 534 4657 uncis
554 4601 677 4657 inclusos
696 4600 859 4658 adiecimus.
