3272 5040
775 246 997 313 „24-

245 447 338 494 nova
367 427 556 510 κίεψίφρων
578 427 796 510 λησίμβροτος,
828 426 863 490 in
887 426 1005 492 ceteris
1033 424 1133 513 epicis
1156 425 1398 492 vetustioribus
1423 447 1530 492 unum

246 523 362 590 inveni
390 544 465 590 cum
488 523 631 590 Homero
660 543 834 589 commuue
859 522 1076 610 (ταίασίφρων
1097 522 1259 610 Panyass.
1282 521 1531 609 frgm.12,10).

354 619 499 704 Ellegiaci
527 620 660 709 quidem
695 623 729 688 et
762 621 896 687 iambici
925 624 1046 708 poetae
1077 620 1277 707 quantulum
1308 621 1386 686 huic
1416 621 1532 705 generi

248 739 384 806 operam
400 717 563 803 dederint,
535 723 625 785 tex
648 739 687 784 eo
711 739 909 802 cognoscere
931 718 1018 802 licet,
1044 716 1132 806 quod
1154 717 1246 785 haud
1271 718 1415 805 emplius
1431 719 1531 806 quin-

248 837 313 904 que
337 815 497 883 exhibent
482 815 713 903 tcomposita‚
737 839 756 882 e
780 815 901 903 quibus
924 815 1102 882 Homerica
1123 816 1189 882 tn'a
1211 816 1306 882 haec:

358 903 524 999 λυσιμελής
547 913 667 980 Archil
683 914 726 980 85
750 913 895 998 Theogn.
911 913 985 979 838.

292 1051 295 1056 ·
357 1015 560 1096 ταλασίφρων
582 1011 672 1099 Tyri.
689 1011 754 1096 5,5

359 1112 593 1194 φαεσίμβροτος
615 1109 763 1193 Theogn.
782 1109 867 1177 1183

248 1207 313 1274 duo
329 1227 429 1290 nova,
455 1228 541 1294 quae
557 1211 672 1273 tamen
695 1227 737 1272 ex
752 1205 1001 1274 Homericorum
1024 1206 1180 1273 membris
1204 1209 1285 1272 sunt
1308 1205 1534 1291 conformata,
1625 1293 1626 1304 ἵ

247 1304 347 1372 haec:
1625 1309 1626 1312 ’

359 1405 521 1488 ἀλεοήνωρ
537 1403 683 1486 Theogn.
699 1401 764 1469 399
785 1401 906 1487 (Hom.:
931 1402 1158 1488 ὠίεσίκαρπος,
1175 1405 1327 1488 ῥηξήνωρ
1343 1404 1536 1490 φάιαήνωρ)

358 1503 528 1574 λοσίκακος
543 1501 689 1584 Theogn.
705 1499 771 1568 476
795 1500 918 1587 (Hom.:
941 1503 1107 1585 λυσιμελής
1130 1503 1166 1567 et
1188 1502 1394 1586 ἀλεξίκακος).

355 1599 425 1666 Νοο
447 1620 527 1666 vero
551 1597 659 1664 melici
680 1601 801 1685 poetae
825 1598 882 1685 qui
905 1597 1061 1665 dicemur
1083 1597 1250 1665 monodici
1272 1597 1307 1664 in
1323 1597 1387 1665 hoc
1409 1619 1537 1682 genere

247 1696 417 1764 uberiores
439 1697 666 1782 inveniuntur,
690 1694 819 1763 habent
842 1696 930 1762 enim
955 1695 1020 1762 duo
1043 1696 1232 1762 Homerica:

357 1797 523 1879 λυσιμελής
546 1793 669 1881 Sapph.
685 1793 767 1878 40,1

357 1895 579 1976 τανυσίπτερος
601 1891 713 1958 Aleae.
729 1891 815 1977 84‚2

247 2011 353 2056 unum
374 2011 501 2056 novum
525 1989 625 2076 epicis
650 1989 832 2058 consimile:

357 2091 588 2173 τανυσίὸρομος
612 2089 733 2176 Sapph.
749 2088 801 2156 71.

360 2184 487 2252 Chorici
510 2207 590 2252 vero
613 2189 734 2273 poetae
757 2185 835 2252 huic
857 2186 934 2252 usui
956 2185 1011 2252 vel
1033 2185 1105 2272 ipso
1121 2184 1265 2251 Homero
1287 2183 1449 2251 libentius
1472 2185 1532 2251 in-

249 2282 441 2366 dulgebant,
417 2282 600 2350 tscilicet
630 2304 705 2350 cum
735 2283 820 2350 haec
851 2283 1035 2369 composita
1065 2303 1123 2369 pro
1155 2281 1337 2368 aptissimis
1361 2281 1533 2349 heberent

248 2401 331 2448 suae
362 2381 557 2447 elocutionis
592 2379 812 2448 condimentis
847 2402 887 2447 ac
920 2379 1110 2446 luminibus
1157 2379 1309 2467 Namque
1345 2401 1387 2446 ex
1421 2379 1533 2446 unde-

247 2478 387 2562 triginta
408 2477 590 2546 Pindaricis
614 2477 734 2562 viginti
758 2500 817 2546 sex
841 2481 944 2545 antea
967 2481 1048 2544 sunt
1069 2478 1187 2562 ignota
1208 2479 1305 2544 haec:

359 2577 572 2661 *dynoixoooc
796 2578 1031 2661 *donchaed-noc
1182 2577 1458 2660 ’μνησιστέφανος

359 2676 573 2760 ’ἀμευσιεπής
818 2675 1072 2798 ἔρασιπλόκαμος
1184 2674 1399 2758 ’ὀρσίκτυπος

360 2773 597 2857 ”ἀμευσίπορος
815 2775 1003 2857 εὖρησιεπής
1183 2773 1379 2856 ’ὀρσινεφής

360 2871 618 2955 ’ἀναξιφόρμιγξ
795 2872 1020 2956 ’κρατησιβίας
1183 2871 1415 2954 ’πεισιχάλινος

360 2968 597 3053 ’ἀαμασίφρων
795 2968 1053 3053 ’κρατησίμαχος
1179 2968 1367 3052 ’ῥιψαύχην

384 3067 558 3141 ἀιώξιττπος
794 3066 1029 3150 ἱίκρατησίττους
1182 3066 1394 3149 ”ῥνσίάιφρος

383 3165 600 3248 ἔλασίβροντος
612 3162 655 3250 (v.
664 3161 684 3229 l.
694 3161 775 3252 τας)
795 3164 1033 3248 ίκρατήσιντττος
1207 3165 1377 3247 σεισίχάιον

383 3263 553 3333 ε’ίάσιττπος
814 3264 983 3334 λυσίπονος
1183 3261 1440 3345 “φιίησίμοίττος

361 3358 562 3442 *ddooigdwv
795 3359 1067 3444 “μελησίμβροτος

250 3477 269 3522 e
292 3455 581 3543 vigintiquinque
604 3454 834 3543 Bacchylideis
857 3455 1088 3538 duodeviginti
1110 3455 1206 3521 haee:

361 3553 562 3639 4*ἀδεισιβόας
793 3554 1029 3638 ’δαμασίχάων
1175 3553 1368 3638 *decacorde

362 3651 576 3735 *dsooiuuxoc
819 3653 1015 3735 ἀεξίστρατος
1175 3651 1343 3735 *dedicios

362 3749 551 3824 ’ἀναξίαλος
796 3745 1039 3838 “ἐρειψ<ίίαος)
1174 3749 1390 3832 “ὀρσιβάκχας

362 3847 610 3931 ’ἀναξιβρόντας
796 3847 1018 3930 “ἒρειψίπυίος
1171 3847 1368 3930 ”ὀρσίμαχος

362 3944 598 4027 “ἀναξίμοίττος
797 3945 986 4029 ’ἀείξιεπής
1193 3946 1414 4028 πεισίμβροτος

385 4043 588 4124 ὄαμάσιππος
819 4044 1048 4127 ἀελξίμβροτος
1197 4044 1369 4126 τερψιεπής

251 4159 316 4226 quo
341 4160 360 4205 e
382 4159 520 4205 numero
540 4137 675 4204 Pindari
697 4137 907 4222 undeviginti
930 4143 1011 4206 suut
1030 4142 1116 4213 ἅπαξ
1135 4141 1294 4223 εἰρημένα,
1319 4137 1527 4226 Bacchylidis

250 4234 417 4321 tredecim,
433 4257 519 4324 quae
535 4236 702 4302 asteriscis
717 4236 919 4304 notavimus.
943 4235 1068 4317 Quodsi
1083 4236 1256 4322 utriusque
1271 4238 1392 4322 poetae
1407 4249 1527 4302 versu-¹

250 4355 309 4400 um
332 4335 446 4421 copiae
469 4334 634 4400 rationem
648 4333 823 4418 habemus
848 4333 1083 4422 Bacchylidem
1105 4333 1158 4399 his
1180 4333 1338 4420 epithetis
1361 4332 1527 4400 novandis

250 4433 427 4519 praecipue
465 4431 657 4499 abundasse
696 4431 751 4498 ac'
772 4431 1011 4518 propemodum
1049 4430 1092 4498 ad
1126 4431 1300 4498 fastidium
1333 4431 1526 4516 pervenisse

250 4529 488 4616 cognoscimus.
520 4529 615 4612 Quod
639 4533 752 4597 autem
777 4529 910 4596 omnino
935 4529 1055 4596 chorici
1071 4528 1225 4596 carminis
1250 4528 1326 4594 stilo
1342 4527 1405 4594 hoc
1420 4549 1526 4613 genus
