3272 5040
643 287 865 352 ..25-

111 467 292 536 verborum
314 467 482 552 proprium
503 464 609 532 fuisse
633 465 787 549 diximus,
820 485 863 530 ex
887 484 927 530 eo
950 463 1129 530 monstrari
1150 464 1273 550 potest,
1305 461 1395 550 quod

112 567 151 632 in
172 564 306 632 tantulo
329 563 594 648 fragmentorum
615 583 760 630 numero·
777 560 949 628 Alcmanis
972 560 1154 628 Stesichori
1175 560 1267 649 Ibyci
1286 559 1393 628 Simo-

112 663 202 728 nidis
224 661 317 730 haud
348 662 458 728 minus
490 660 605 728 decem
635 660 800 727 habemus
834 659 1019 747 composita
1049 661 1198 743 servata3
1230 658 1394 748 equibus

112 760 293 828 Homerica
315 762 396 826 sunt
417 759 498 826 tria:

220 860 423 942 τσλασίφρων
446 856 550 924 Alam.
565 856 647 938 41‚l

220 958 442 1040 τανυσίπτερος
464 955 551 1042 ibyc.
568 954 589 1019 8

221 1055 445 1138 ἐννοσίφυλλος
468 1052 590 1119 Simon.
608 1051 689 1137 4l,i

112 1171 207 1218 nova
229 1153 359 1238 septem
381 1150 478 1216 hacc:

222 1250 454 1334 ἀρχεσίμολπος
477 1247 563 1315 Sion.
579 1248 623 1316 77

219 1349 399 1431 λιστεσάνωρ
423 1345 508 1414 Stes,
524 1345 578 1430 26,
592 1347 613 1412 5

222 1447 476 1530 ἐρασιπλόιιαμος
497 1443 586 1532 Ibyc.
602 1443 663 1526 9,2

222 1545 400 1616 ὀνσσίντολις
422 1541 545 1609 Simon.
562 1541 624 1625 b‚3

219 1644 450 1726 χαραξίντονιος
472 1639 594 1706 Simon.
611 1639 694 1723 23,3

221 1740 480 1824 δαμασίμβροτος
503 1735 626 1804 Simon.
642 1736 708 1802 218

222 1838 414 1921 δαμασίφιυς
437 1834 559 1902 Simon.
576 1835 642 1902 232

110 1933 278 2021 equibus
306 1935 391 2000 haec
421 1933 486 2000 duo
517 1933 712 2016 novissima,
745 1931 879 1999 etiamsi
909 1931 1111 2018 quibusnam
1142 1952 1160 1998 e
1192 1930 1394 1998 carminibus

114 2029 314 2098 Simonideis
349 2030 546 2118 deprompta
579 2031 648 2097 sint
677 2031 842 2096 incertum
876 2032 938 2114 est,
975 2032 1092 2096 tamen
1121 2032 1256 2116 propter
1284 2030 1395 2116 ipsam

110 2131 318 2196 structuram
340 2129 375 2194 in
399 2129 537 2196 choricis
560 2127 666 2194 fuisse
691 2127 856 2195 collocata
878 2127 990 2215 aliquo
1013 2127 1084 2193 iure
1106 2127 1259 2214 putanda
1281 2129 1370 2193 sunt.

221 2227 361 2310 Tragion
383 2227 526 2294 elocutio
549 2226 709 2313 imprimis
726 2225 914 2313 Sophoclea
937 2228 971 2293 et
993 2223 1172 2312 Euripidae
1193 2225 1278 2292 haec
1301 2245 1392 2292 com-

112 2325 226 2413 posita
248 2325 356 2392 rarius
380 2325 525 2406 exbibet,
549 2323 704 2392 videlicet
727 2323 915 2412 Aeschylus
939 2323 1092 2408 eviginti
1108 2323 1239 2390 duobus
1254 2323 1393 2410 praebet

111 2423 234 2508 viginti
255 2445 346 2491 nova
368 2423 465 2490 haec:

225 2525 394 2608 ἀγησίλασς
627 2523 842 2607 μνησιπήμων
1060 2521 1277 2605 τλησικάρδιος

225 2621 450 2704 ἁρπάξσνόρος
628 2622 832 2704 παυσάνεμσς
1060 2620 1271 2702 φθερσιγενής

224 2720 420 2802 βλαψίφραιν
629 2721 826 2802 πεισίβροτος
1059 2719 1237 2800 φυξανορία

226 2818 382 2900 δεισήνιορ
627 2817 784 2898 ῥίψοπλος
1060 2815 1238 2898 φυξίμηλος

226 2916 405 2999 ὃηξίιλυμος
966 2941 967 2946 ’
1064 2914 1237 2996 φυσίφριον
1296 2983 1298 2988 ,

225 3014 431 3096 ἕρειψίτοιχσς
691 3013 699 3034 '
1061 3011 1244 3081 ὠλεσίοικος

225 3113 414 3194 καμψίπους
487 3169 489 3173 .
625 3109 836 3192 τελεσσίφρων

111 3206 294 3293 Sophocles
318 3207 464 3294 quinque
489 3227 595 3294 eaque
618 3225 724 3272 nova:

225 3307 390 3382 ζευξίλειος
628 3305 825 3376 παυσίλυπος
1063 3305 1231 3388 τρυσάνωρ

223 3407 398 3476 παυσανίας
630 3403 789 3488 ῥαψῳδός

111 3499 286 3587 Euripides
310 3521 353 3566 ex
375 3499 528 3567 undecim
550 3501 693 3566 novavit
716 3521 788 3566 sex:

224 3602 421 3683 ἀρκεσίγυισς
629 3599 796 3681 ὅεξίνιυρος
1058 3597 1245 3680 ὀλεσίθηρος

225 3699 392 3782 ὅσξίμηλσς
627 3697 812 3780 θελξίφρων
1053 3695 1313 3778 τελεσσιόώτειρα.

111 3793 234 3860 Omnia
256 3797 372 3860 autem
393 3793 494 3860 huius
518 3793 638 3881 speciei
662 3793 821 3880 epitheta,
847 3814 933 3880 quae
958 3789 1047 3878 apud
1070 3792 1132 3858 hos
1155 3793 1224 3856 tres
1247 3793 1391 3874 tragicos

112 3892 279 3976 leguntur,
304 3891 415 3979 quoad
431 3890 564 3978 quidem
589 3891 743 3976 cognosci
758 3893 878 3977 potest,
901 3890 937 3956 in
961 3889 1098 3957 choricis
1113 3889 1265 3976 partibus
1280 3889 1392 3976 posita

111 3993 195 4056 sunt
217 3989 391 4077 perpaucis
415 3989 576 4076 exceptis3
601 3993 704 4076 atque
726 3989 762 4054 in
784 3987 906 4055 iambis
929 3985 1064 4074 quidem
1086 3986 1291 4054 collocantur
1313 3990 1391 4053 tan-

111 4086 285 4154 tummodo
308 4087 404 4154 haec:

126 4185 129 4191 ’
220 4187 378 4270 ῥαψῳδός
401 4183 553 4274 Sophocl
577 4185 656 4252 Oed.
680 4183 717 4251 n.
735 4184 797 4252 391

220 4285 386 4368 ὃεξίμηλος
400 4283 509 4370 Eurip.
522 4281 621 4349 Andr.
634 4283 719 4350 1138
735 4281 866 4370 (eadem
878 4303 946 4350 vox
956 4282 1079 4349 Phoen.
1089 4281 1154 4348 632
1166 4281 1201 4346 in
1212 4280 1390 4366 trochaeis)

218 4384 415 4455 πσυσίλυπος
437 4382 546 4468 Eurip.
562 4381 681 4448 Bacch.
697 4381 772 4449 772.

219 4478 392 4560 Quantum
414 4500 496 4546 vero
517 4500 539 4545 a
561 4480 755 4547 vetustioris
779 4478 913 4567 quidem
943 4477 1103 4546 orationis
1126 4477 1290 4566 pedestris
1313 4477 1389 4544 stilo

112 4577 317 4645 abhorreant
331 4575 390 4642 illa
404 4577 517 4660 verba,
542 4597 741 4660 cognoscere
757 4597 936 4664 possumus
951 4576 1058 4644 veluti
1074 4597 1116 4643 ex
1131 4575 1309 4661 Herodem,
1334 4576 1391 4662 qui
