3272 5040
789 271 1012 353 „50-

261 467 417 536 Classical
440 465 569 532 Rcvtcw
592 464 656 530 vol.
672 463 732 529 XII
755 487 785 552 p.
802 464 845 530 37
876 463 977 530 aliam
1008 464 1262 552 supponendam
1294 485 1367 532 esse
1400 465 1543 546 censuit,
1617 515 1618 522 τ

258 584 346 650 quae
369 583 438 628 non
462 561 570 628 solum
592 561 770 649 lyricorum
793 563 926 648 utrique
949 562 1030 645 loco,
1055 567 1094 628 ut
1110 563 1273 649 opinatur,
1298 583 1417 628 verum
1442 565 1543 628 etiam

257 660 434 727 Homerico
457 659 503 725 illi
520 660 738 726 satisfaceret.
784 660 873 725 Dicit
888 659 986 743 enim,
1012 681 1088 726 cum
1103 663 1230 746 χλωρός
1245 661 1320 727 voci
1342 680 1411 726 non
1434 661 1544 727 solum

257 756 376 824 coloris
394 757 517 837 viridis,
542 757 601 823 sed
625 757 727 823 etiam
743 757 888 840 vigentis
913 757 1059 824 cuiusvis
1082 759 1129 825 rei
1147 758 1459 841 significatioinsit,
1485 761 1544 824 aut

257 877 334 922 csse
358 854 572 940 cogitandum
596 855 636 921 de
660 855 787 941 liquida
806 876 889 921 voce
905 859 966 920 aut
989 852 1030 921 de
1051 855 1134 922 collo
1157 856 1306 923 flexibili.
1340 855 1411 921 Nec
1426 858 1543 922 tamen

258 975 402 1040 usquam
432 954 508 1019 voci
543 955 679 1037 χλωρός,
711 953 867 1041 quotiens
900 951 1062 1020 translate
1093 957 1284 1040 usurpatur,
1317 953 1482 1036 agilitatis
1506 974 1543 1019 ac

259 1051 455 1117 mobilitatis
480 1051 598 1117 subest
621 1051 682 1134 vis,
708 1050 769 1116 sed
792 1051 916 1138 ubique
936 1051 1060 1133 vigoris
1084 1053 1227 1118 recentis
1251 1057 1286 1117 et
1309 1050 1542 1129 adolescentia,

258 1149 307 1215 sic
323 1152 426 1215 etiam
441 1149 476 1214 in
491 1147 547 1214 illo
563 1151 678 1233 χλοερὰ
695 1151 814 1234 ῥέεθρα
831 1147 905 1214 llur.
918 1149 1040 1232 Phoen.
1055 1147 1120 1215 659
1137 1171 1158 1215 a
1173 1149 1245 1215 viro
1262 1149 1359 1215 docto
1375 1149 1543 1214 Marindin
1619 1222 1620 1230 χ

258 1268 317 1333 pro
333 1252 530 1330 argumento
555 1245 669 1328 allato,
694 1267 840 1333 namque
865 1245 905 1312 de
928 1244 1032 1312 fontis
1056 1268 1146 1334 aqua
1168 1247 1295 1314 recenti
1319 1268 1358 1313 ac
1381 1267 1469 1333 pura
1492 1268 1543 1312 res
1619 1299 1620 1304 1

258 1348 321 1429 est,
346 1344 402 1410 cfr.
425 1345 518 1411 Pind.
543 1343 637 1410 Nem.
654 1344 739 1425 VIII,
752 1344 797 1410 40
820 1346 960 1428 χλωραῖς
983 1347 1113 1428 ἐέρσαις,
1136 1366 1246 1432 neque
1270 1325 1367 1411 sebus
1390 1344 1544 1410 iudican-

260 1441 340 1508 dum
371 1444 424 1509 est
447 1441 488 1508 de
511 1441 665 1528 Aeschyl.
689 1444 805 1526 Agam.
822 1442 888 1509 677
911 1444 1039 1526 χλωρόν
1066 1469 1098 1508 τε
1120 1445 1174 1508 καὶ
1196 1445 1351 1528 βλέποντα
1390 1441 1545 1529 Sophocl.

257 1540 374 1607 ihach.
391 1540 457 1608 847
480 1542 599 1606 ἀδινῶν
622 1542 752 1625 χλωρὰν
774 1544 872 1624 τέγγει
896 1543 1048 1624 δακρύων
1071 1544 1172 1625 ἄχνον
1203 1541 1290 1607 1055
1313 1541 1442 1626 χλωρὸν
1465 1542 1543 1624 αἷμα

257 1637 328 1724 (ubi
352 1638 451 1706 schol.
472 1643 562 1704 recto
586 1642 669 1721 νέον)
693 1637 855 1704 Theocrit.
872 1637 1009 1720 x1V‚70
1033 1640 1109 1722 γόνυ
1133 1641 1262 1724 χλωρόν
1286 1638 1427 1726 ahisque
1450 1637 1543 1719 locta,

257 1735 314 1802 cfr.
339 1735 428 1803 Suid.
452 1758 477 1802 ε.
490 1757 521 1802 v.
545 1738 691 1821 χλωρόν·
716 1737 752 1801 τὸ
769 1738 915 1820 ἀκμάζον
938 1737 1139 1821 Μένανδρος.
1163 1735 1327 1802 Videlicet
1349 1738 1545 1820 χλωραύχην

258 1832 447 1900 Simonides
471 1834 551 1900 dicit
566 1834 748 1900 Homerum
765 1837 901 1900 secutus
917 1835 1046 1921 proprie
1070 1835 1111 1900 de
1127 1833 1210 1901 collo
1235 1835 1331 1901 viridi
1347 1833 1543 1920 (lusciniae),

258 1931 476 2020 Bacchylides
500 1931 664 1999 translate
689 1933 729 1998 de
745 1933 903 2015 virgineo.
942 1932 1099 1999 Similiter
1113 1931 1302 1998 formantur
1325 1931 1415 2018 apud
1432 1932 1544 2017 epicos

256 2033 408 2115 ἐριαύχην
421 2031 526 2113 (Hom.
539 2031 642 2096 [1159
655 2031 755 2114 alibi),
767 2032 941 2116 λασιαύχην
951 2030 1074 2118 (hymn.
1087 2030 1183 2097 Merc.
1196 2030 1263 2096 224
1286 2028 1472 2117 hymnVII,
1478 2029 1543 2112 46).

365 2131 538 2194 ἀναὸέω.
584 2128 622 2194 fr.
650 2128 738 2211 10‚2
766 2131 929 2195 τοσάσδε.
954 2179 961 2194 .
985 2179 992 2194 .
1016 2131 1190 2214 ἀνεδήσατο
1213 2132 1310 2200 νίκας.
1356 2126 1544 2193 Hoccom-

257 2226 405 2313 positum
435 2226 578 2312 primum
609 2225 700 2312 apud
728 2225 932 2292 Simonidem
963 2227 1116 2310 occurrit3
1149 2230 1186 2292 at
1209 2225 1373 2292 Homerus
1405 2225 1545 2291 exhibet

258 2326 436 2408 ἀναδέομη;
459 2324 554 2390 verbi
576 2327 703 2390 ἀναόέιο
728 2325 878 2390 activum
901 2327 936 2390 et
960 2323 1106 2390 medium
1129 2343 1235 2406 genus
1255 2326 1345 2410 apud
1360 2321 1541 2388 Pindarum

259 2421 378 2486 deinde
409 2422 445 2485 in
475 2442 540 2486 usu
572 2425 624 2486 est
655 2424 757 2507 atque
780 2422 940 2508 imprimis
965 2422 1005 2488 de
1029 2421 1183 2488 ludorum
1205 2421 1388 2487 victoribus
1412 2421 1541 2504 dicitur,

258 2519 317 2604 qui
340 2539 462 2584 corona
484 2521 638 2605 tempora
660 2518 848 2603 redimiunt,
881 2519 947 2586 vid.
970 2519 1069 2608 Pyth.
1092 2520 1166 2603 Π,6
1194 2520 1308 2584 Isthm.
1332 2520 1370 2603 ΙΙ,
1386 2518 1427 2585 15
1452 2517 1543 2602 alibi,

257 2616 339 2681 item
363 2638 414 2702 ap.
438 2615 592 2704 Bacchyl.
616 2617 671 2700 IX,
688 2617 728 2683 16
760 2620 795 2684 et
824 2619 860 2682 in
889 2640 990 2704 prosa
1013 2618 1166 2684 dictione.
1212 2617 1317 2682 Paulo
1340 2615 1543 2684 insolentius

258 2712 444 2780 Simonides
461 2713 540 2781 dicit
563 2718 748 2782 ἀναδεῖσθαι
766 2720 865 2800 νίκας,
889 2717 948 2782 ubi
971 2719 1205 2803 exspectamus
1228 2718 1337 2800 χαίταν
1359 2713 1415 2780 vel
1435 2713 1542 2780 simile

257 2810 393 2898 aliquid,
426 2813 479 2880 cfr.
505 2812 746 2881 Schneidewin.
769 2814 813 2881 ad
835 2814 866 2883 h.
890 2814 950 2881 loc.
995 2814 1107 2880 Minus
1139 2817 1228 2880 recte
1260 2811 1421 2896 Bergkius
1452 2811 1544 2878 hunc

256 2909 366 2976 locum
392 2911 582 2977 detrimenti
606 2911 732 2999 aliquid
756 2914 882 2999 cepisse
906 2915 1013 2999 putat.

364 3012 547 3075 ἀντείνω.
582 3009 620 3075 fr.
637 3010 698 3092 8,2
722 3019 829 3094 χεῖρας
852 3014 1008 3076 duciculi
1031 3015 1070 3074 ἂν
1093 3009 1258 3098 ἔνοπλον)
1281 3012 1378 3092 αὐτῷ.
1413 3007 1542 3075 Deinde

257 3105 348 3192 apud
370 3107 552 3174 Pindarum
575 3107 811 3194 Bacchylidem
834 3109 926 3176 alios.

365 3208 561 3290 ἐξαρκέω.
607 3205 682 3270 fr.3
706 3205 890 3272 Hill-Orus.
914 3205 988 3291 (=5
1009 3205 1102 3288 ng.)
1126 3228 1156 3271 v.
1177 3205 1216 3271 17
1248 3207 1377 3288 ἐξαρκεῖ
1404 3208 1433 3288 γ’
1461 3207 1541 3288 ε’μοί,

256 3305 294 3374 ὃς
317 3307 357 3367 ἂν
379 3307 439 3369 ιιτὲ.
486 3303 585 3388 Apud
616 3303 726 3389 epicos
754 3307 863 3387 ἀρκέω
895 3307 929 3370 et
952 3304 1174 3389 compositum
1197 3306 1345 3385 ἐπαρκέια
1369 3302 1542 3368 notionem

257 3400 422 3485 praebent
447 3403 484 3465 ut
506 3400 640 3466 videtur
663 3401 844 3484 genuinam
871 3399 1041 3484 „arcendi“
1069 3401 1125 3466 vel
1148 3401 1232 3466 satis
1255 3398 1391 3466 valendi
1415 3399 1459 3465 ad
1484 3400 1541 3466 de-

257 3497 453 3581 fensionem,
477 3498 566 3564 unde
591 3500 725 3564 omnino
749 3499 842 3565 notio
866 3500 951 3565 satis
974 3498 1109 3564 valendi
1132 3499 1203 3564 sive
1220 3497 1408 3564 sufficiendi
1424 3500 1543 3563 exorta

257 3598 319 3678 est,
352 3617 439 3681 quae
469 3596 613 3682 primum
643 3597 824 3682 conspicua
854 3602 907 3663 est
937 3598 971 3662 in
996 3597 1105 3662 Solon.
1130 3597 1167 3663 ir.
1191 3597 1257 3679 5,1
1284 3599 1381 3662 ὅοσον
1403 3598 1546 3679 ἀπαρκεῖ

256 3693 303 3780 (v.
318 3691 338 3758 l
362 3693 527 3779 ἐπαρκεῖ);
551 3696 695 3778 ἐξαρκέω
711 3692 788 3760 inde
806 3716 827 3759 a
843 3692 1021 3761 Simonidis
1037 3695 1243 3781 temporibus
1260 3694 1395 3779 saepius
1410 3691 1541 3776 legitur.

364 3793 578 3876 ἐξελέγχω.
624 3791 662 3857 fr.
686 3793 769 3872 75,l
796 3795 947 3877 ἐξελέγχει
969 3789 1041 3882 (δ’)
1064 3795 1082 3857 ὁ
1105 3795 1175 3865 νέος
1199 3793 1285 3864 οἶνος
1308 3794 1347 3857 οὐ
1370 3792 1405 3856 τὸ
1428 3794 1541 3874 πέρασι

209 3933 211 3936 -
256 3890 366 3972 δῶρον
377 3891 530 3972 ἀμπέλου.
553 3890 692 3974 Ἑλέγχω
709 3893 743 3955 et
759 3892 937 3974 κατελέγχει)
953 3890 1172 3956 inveniuntur
1187 3889 1255 3954 iam
1271 3910 1322 3975 ap.
1334 3888 1431 3954 Hom.
1443 3890 1467 3952 I
1475 3888 1540 3954 522

254 3985 369 4071 φ424
413 3985 547 4052 Hesiod.
564 3986 644 4073 Opp.
662 3988 727 4053 714
771 3987 861 4074 Tyrt.
881 3989 931 4070 10,
948 3990 977 4054 9.
1031 3988 1105 4053 Alio
1139 3986 1270 4072 quidem
1302 4007 1406 4052 sensu
1436 3989 1539 4072 atque

257 4084 445 4150 Simonides
469 4086 651 4170 composito
675 4088 828 4170 ἐξελέγχω
852 4088 995 4152 utuntur
1017 4086 1181 4151 Pindarus
1205 4084 1252 4150 Ol.
1276 4084 1315 4170 X,
1328 4085 1371 4150 53
1395 4087 1416 4150 ὅ
1436 4088 1463 4148 τ’
1490 4087 1539 4160 ἐξ·

254 4185 395 4267 ελέγχων
416 4185 518 4267 μόνος
540 4185 692 4248 ἀλάθειαν
720 4187 873 4268 ἐτήτυμον
895 4185 1026 4268 Χρόνος
1060 4182 1296 4266 „examinans“
1335 4183 1538 4264 ‚3indicans“‚

255 4280 349 4346 Nem.
372 4280 413 4364 X,
427 4282 470 4346 46
501 4283 578 4346 ἀλλὰ
601 4282 721 4365 χαλκὸν
743 4285 859 4366 μυρίον
882 4285 920 4347 οὐ
945 4283 1079 4348 δυνατὸν
1102 4282 1271 4364 ἐξελέγχειν
1302 4282 1536 4363 ,,ει1111ηθῐεεθ“

258 4380 293 4443 et
319 4379 445 4462 tragici,
479 4380 568 4465 apud
593 4400 677 4464 quos
700 4379 894 4466 plerumque
918 4376 1119 4462 coarguendi
1142 4377 1304 4443 subicitur
1327 4378 1388 4461 vie,
1422 4376 1539 4444 eodem

255 4497 322 4562 quo
343 4475 530 4543 Simonides
555 4497 657 4542 sensu
680 4476 854 4563 Euripides
878 4497 945 4542 uno
969 4475 1042 4541 loco
1058 4474 1106 4540 El.
1123 4475 1165 4541 36
1190 4478 1228 4540 οὐ
1254 4476 1293 4558 δὴ
1317 4477 1409 4540 τοῦτό
1434 4480 1459 4558 γ’
1489 4479 1538 4550 ἐξ-

254 4577 431 4659 ελέγχομαι.
477 4574 641 4661 Persaepe
665 4575 785 4658 legitur
809 4572 899 4659 apud
922 4575 1071 4638 oratores
1094 4571 1233 4638 Atticos.
